2946 4942
441 1050 443 1054 ,
525 976 687 1048 snomo
716 977 877 1047 enimn.
1252 1071 1256 1080 .

203 1105 749 1210 CONSTITUTIONES
782 1105 1202 1211 ooomnslonn

645 1265 764 1306 EDITAE

162 1355 206 1419 IN
229 1354 282 1421 SS.
315 1353 497 1419 CONCILII
521 1352 721 1419 VATICANI
744 1353 1011 1421 SESSIONIBUS
1034 1356 1088 1421 lll.
1114 1355 1168 1420 ET
1189 1356 1248 1423 IV.

379 1653 408 1734 1.
440 1650 734 1734 ooosrlrorlo
766 1650 1032 1734 Doullnlldn

299 1794 405 1857 DE
428 1794 614 1857 ΗΒΕ
637 1793 1108 1874 OATHOLIOA,

655 1912 754 1954 EDITA

285 2003 324 2055 IN
344 2001 389 2057 SS.
409 2001 569 2056 concrum
589 2001 768 2056 VATICANI
787 2002 961 2056 SESSIONE
980 2002 1126 2056 TERTIA.

491 2175 612 2270 PIUS
642 2175 924 2271 aestuosos

373 2315 585 2372 SERVUS
604 2315 911 2372 SERVORUM
930 2318 1038 2380 DEI,

202 2442 297 2490 SACRO
321 2443 515 2489 APPROBANTE
541 2441 678 2490 CONCILIO
703 2442 742 2488 AD
766 2441 941 2488 PERPETUAM
964 2441 1016 2488 REI
1039 2440 1206 2489 msnonmm.

233 2583 292 2647 Dei
317 2582 413 2645 Filius
436 2588 468 2646 et
491 2583 613 2662 generis
636 2583 765 2647 humani
788 2581 979 2662 Redemptor
1001 2582 1153 2646 Dominus
1169 2581 1287 2646 Noster

127 2669 219 2734 lesus
244 2669 401 2747 Christus,
431 2670 472 2734 ad
494 2670 622 2734 Patrem
647 2672 814 2736 coelestem
837 2670 1009 2748 rediturus,
1046 2688 1115 2733 eum
1139 2668 1290 2734 Ecclesia

128 2775 185 2822 sua
200 2759 231 2822 in
247 2760 339 2823 terris
362 2758 517 2822 militante
532 2759 675 2824 omnibus
692 2759 801 2823 diebus
813 2774 912 2838 usque
928 2757 968 2821 ad
984 2757 1284 2822 consummationem

128 2845 246 2911 saeculi
260 2844 399 2910 futurum
417 2863 450 2909 se
467 2864 536 2910 esse
551 2847 704 2926 promisit.
739 2845 843 2922 Quare
859 2844 994 2909 dilectae
1009 2863 1142 2925 sponsae
1157 2849 1289 2926 praesto

128 2951 206 3012 esse,
233 2934 389 2998 adsistere
411 2934 549 3011 docenti,
585 2935 729 3015 operanti
756 2932 952 3013 benedicere,
977 2932 1168 3013 periclitanti
1192 2950 1285 3015 opem

127 3019 209 3085 ferre
232 3021 318 3085 nullo
344 3039 479 3101 unquam
502 3029 644 3102 tempore
659 3020 788 3086 destitit.
834 3019 922 3084 Haec
945 3038 1020 3084 vero
1044 3020 1193 3085 salutaris
1216 3020 1290 3103 ejus-

15 3171 17 3175 .
128 3109 340 3189 providentia,
374 3127 444 3174 cum
473 3127 512 3173 ex
539 3109 609 3173 aliis
633 3107 790 3174 beneficiis
813 3107 985 3172 innumeris
1009 3109 1205 3172 continenter
1229 3126 1285 3189 ap·

131 3196 246 3277 paruit,
270 3201 337 3261 tum
360 3196 399 3261 iis
423 3195 672 3261 manifestissime
696 3202 856 3277 comperta
879 3200 928 3260 est
950 3193 1116 3276 fructibus,
1140 3196 1194 3276 qui
1216 3195 1285 3260 orbi

130 3283 300 3349 christiano
329 3302 346 3348 e
370 3282 517 3349 Consiliis
544 3285 750 3349 oecumenicis
781 3302 818 3348 ac
845 3284 1028 3347 nominatim
1052 3302 1069 3348 e
1091 3281 1283 3361 Tridentino,

129 3371 242 3451 iniquis
257 3370 329 3435 lieet
344 3371 538 3453 temporibus
555 3371 721 3452 celebrate,
738 3371 923 3452 amplissimi
937 3377 1158 3452 provenerunt.
1202 3369 1285 3436 Hinc

130 3459 212 3522 enim
230 3460 430 3524 sanctissima
445 3459 605 3539 religionis
621 3459 768 3541 dogmata
783 3461 921 3540 pressius
944 3456 1073 3523 definita
1095 3459 1290 3538 uberiusque

131 3546 286 3627 exposita,
328 3551 450 3612 errores
485 3547 627 3611 damnati
660 3555 755 3629 atque
790 3546 932 3624 cohibiti;
966 3546 1040 3611 hinc
1072 3545 1285 3610 ecclesiastiea

129 3633 292 3715 disciplina
328 3636 478 3700 restituta
515 3632 697 3715 firmiusque
734 3635 871 3712 sancita,
910 3640 1088 3714 promotum
1126 3634 1158 3698 in
1193 3633 1286 3698 Olero

129 3721 278 3786 scientiae
301 3725 333 3786 et
356 3722 483 3803 pietatis
506 3723 659 3802 studium,
690 3727 803 3804 parata
825 3721 1075 3786 adolescentibus
1098 3720 1139 3786 ad
1161 3739 1284 3786 sacram

129 3807 274 3872 militiam
296 3809 467 3874 educandis
491 3810 630 3889 collegia,
654 3809 817 3875 christiani
840 3808 975 3890 denique
997 3808 1102 3890 populi
1126 3826 1229 3873 mores
1251 3811 1286 3874 et

128 3897 325 3961 accuratiore
352 3894 489 3961 fidelium
521 3898 696 3962 eruditione
724 3903 756 3961 et
782 3896 994 3977 frequentiore
1017 3901 1284 3960 sacramentorum

129 3988 189 4047 usn
211 3983 388 4048 instaurati.
427 3985 508 4048 Hinc
530 3988 695 4065 praeterea
718 3984 835 4048 arctior
850 3984 1062 4048 membrorum
1085 4001 1155 4048 cum
1170 3983 1286 4048 visibili

129 4067 242 4151 Capite
264 4073 451 4150 communio,
485 4073 693 4151 universoque
716 4071 840 4151 corpori
863 4069 978 4136 Christi
1000 4071 1133 4152 mystico
1157 4071 1284 4135 additus

128 4157 230 4239 vigor3
252 4157 326 4224 hinc
347 4158 515 4240 religiosae
535 4158 760 4240 multiplicatae
774 4157 921 4238 familiae,
946 4157 1071 4239 aliaque
1094 4159 1286 4223 christianae

128 4245 255 4324 pietatis
278 4246 435 4325 Instituta
458 4246 530 4311 hinc
551 4246 604 4311 ille
626 4246 721 4310 etiam
737 4245 881 4310 assiduus
906 4252 938 4311 et
953 4262 1052 4328 usque
1068 4247 1108 4311 ad
1124 4245 1285 4327 sanguinis
