2946 4942
154 333 197 395 32
435 347 553 397 scarus
577 344 816 395 cousmrnmoms
839 346 1030 394 noenxrrcln

155 492 191 552 nt
213 487 305 553 nobis
328 490 413 552 esset
435 484 592 565 Pontifex,
616 490 759 564 sanctus,
791 486 953 566 innocens,
978 485 1178 566 impollutus,
1202 503 1309 568 segre·

152 578 245 656 gatus
268 593 287 638 a
309 574 529 656 peccatoribus
551 578 585 638 et
607 573 759 639 excelsior
781 571 875 638 coelis
897 571 1011 638 lactus.
1056 572 1117 651 Qui
1139 591 1196 654 per
1211 572 1309 654 Spiri-

152 668 219 726 tum
254 661 285 728 S.
309 663 512 742 scmetipsnm
536 659 669 726 offerens
691 658 927 725 immaculatum
950 660 1032 740 Deo,
1067 678 1124 742 per
1145 661 1308 742 proprium

152 751 336 831 sangninem
357 747 455 814 semel
483 749 625 813 introivit
646 748 679 813 in
701 746 835 827 Sancta,
871 752 1002 812 aeterna
1034 748 1229 812 redemtione
1263 749 1309 812 iu·

152 841 246 901 venta
270 834 381 919 (Hebr.
407 842 436 900 7.
461 840 515 913 9.).
550 836 633 900 Vere
656 835 754 918 igitur·
776 834 920 900 Christus
942 834 1044 915 Jesus,
1069 834 1229 901 Mediator
1250 834 1310 901 Dei

153 930 186 988 et
207 922 381 1004 hominum,
415 941 497 988 unus
520 924 658 988 moriens
679 941 738 1004 pro
762 922 915 1000 omninno,
940 923 1065 987 divinae
1083 922 1228 1005 justitiae
1251 940 1311 1004 pro

152 1011 243 1075 nobis
266 1008 432 1090 satisfecit,
468 1015 500 1074 et
524 1010 628 1075 deleto
652 1010 874 1092 chirographo,
909 1010 992 1090 quod
1025 1015 1095 1074 erat
1117 1010 1309 1075 contrarium

152 1098 255 1179 nobis,
288 1097 447 1178 expolians
469 1098 662 1178 principatus
685 1102 718 1161 et
739 1101 929 1178 potestates,
961 1102 994 1162 et
1015 1103 1142 1163 vetusta
1164 1115 1221 1163 nos
1243 1114 1310 1163 ser-

152 1186 253 1250 vitute
275 1185 307 1248 in
330 1183 466 1249 filiorum
488 1184 666 1250 libertatem
689 1184 870 1249 vindicavit.
916 1183 949 1248 Si
971 1184 1054 1248 enim
1077 1185 1169 1249 unius
1194 1184 1311 1251 delicto

153 1288 236 1338 mors
258 1273 404 1353 regnavit
426 1290 484 1354 per
506 1290 615 1350 unum;
639 1270 738 1336 multo
760 1272 861 1352 magis
883 1270 1109 1336 abundantiam
1132 1273 1255 1354 gratiae
1278 1276 1312 1336 et

152 1360 329 1424 donationis
361 1363 393 1424 et
412 1359 556 1442 justitiae
577 1359 767 1440 accipientes
789 1360 822 1423 iu
843 1360 911 1423 vita
932 1358 1112 1441 regnabunt
1133 1378 1191 1440 per
1213 1378 1310 1424 uuum

151 1447 261 1512 Jesum
285 1445 444 1511 Christum
469 1447 571 1529 (Rom.
597 1452 625 1510 5.
654 1448 727 1529 la).

257 1532 345 1598 Haec
366 1550 444 1597 vero
474 1533 522 1598 vis
545 1531 760 1598 satisfaciendi
786 1549 843 1614 pro
866 1533 1006 1613 peccatis
1029 1533 1167 1598 omniurn
1191 1539 1223 1598 et
1246 1552 1312 1599 me·
1339 1579 1351 1596 ,

152 1620 242 1685 rendi
264 1621 353 1685 uobis
372 1618 607 1702 justificationis
629 1622 764 1700 gratiam
787 1626 820 1685 et
842 1619 1070 1685 haereditatem
1092 1621 1234 1703 passioni
1248 1620 1311 1685 Re·

154 1709 304 1773 demtoris
326 1709 444 1787 inerat,
479 1714 649 1790 propterea
671 1707 756 1788 quod
779 1707 908 1772 humani
942 1708 1011 1789 ejus
1044 1714 1134 1773 actus
1168 1707 1312 1776 valorem

152 1792 312 1860 habebant
334 1795 505 1860 secundum
529 1796 717 1876 dignitatem
733 1812 887 1876 personae
910 1794 1033 1860 nanae
1055 1814 1113 1876 per
1136 1802 1312 1861 assumtam

153 1888 301 1947 naturam
331 1883 501 1964 operantis.
550 1882 696 1947 Redemti
728 1882 823 1963 igitur
849 1901 923 1950 non.
943 1882 1199 1965 corruptibilibus
1231 1901 1311 1949 auro

153 1972 184 2033 et
217 1973 365 2050 argento,
399 1970 455 2035 sed
488 1970 625 2051 pretioso
655 1971 808 2051 sanguine
836 1970 927 2050 quasi
954 1970 1027 2051 agni
1061 1968 1255 2035 immaculati
1279 1977 1313 2035 et

152 2057 400 2136 incontaminati,
426 2058 546 2122 animas
569 2063 694 2122 nostras
717 2055 928 2122 castificemus
951 2057 984 2120 in
1007 2057 1186 2122 obedientia
1208 2057 1312 2123 chari-

152 2143 243 2222 tatis,
275 2149 309 2208 et
338 2144 371 2208 in
394 2142 455 2209 lide
478 2144 611 2209 viventis
633 2143 705 2208 Filii
728 2143 801 2223 Dei,
832 2145 886 2224 qui
909 2143 1019 2208 dilexit
1040 2162 1097 2209 nos
1120 2151 1152 2210 et
1176 2145 1314 2210 tradidit

152 2232 356 2312 semetipsum
378 2249 437 2313 pro
460 2232 560 2311 nobis,
584 2236 800 2312 exspectemus
823 2230 950 2295 beatam
973 2249 1062 2313 spem
1077 2238 1110 2296 et
1133 2232 1311 2300 adventum

153 2317 274 2398 gloriae
298 2319 404 2401 magni
427 2318 486 2383 Dei
509 2323 542 2383 et
565 2318 737 2384 Salvatoris
758 2319 861 2383 nostri
882 2319 961 2384 lesu
984 2317 1112 2385 Christi.

257 2405 326 2481 Quo
356 2410 464 2471 autem
491 2407 590 2487 magis
621 2405 680 2472 hac
707 2410 817 2470 nostra
843 2411 951 2470 aetate
974 2406 1119 2488 magistri
1142 2405 1314 2471 mendaces

152 2497 185 2556 et
207 2493 294 2573 impii
317 2491 473 2571 homines,
504 2510 582 2574 quos
609 2498 760 2558 venturos
789 2511 859 2558 esse
884 2493 1026 2574 Apostoli
1047 2493 1313 2575 praenuntiarunt

152 2580 199 2660 (2.
230 2579 316 2643 Patr.
352 2584 381 2645 2.
405 2578 478 2645 Jud.
502 2585 556 2661 4.),
586 2580 673 2661 Ejus,
703 2581 757 2660 qui
780 2580 857 2644 emit
877 2598 949 2660 eos,
973 2581 1093 2662 gloriae
1115 2581 1314 2658 obtrectant;

151 2671 242 2730 tanto
264 2666 437 2732 studiosius
465 2685 523 2731 nos
546 2665 763 2732 celsitudinem
786 2667 871 2731 illius
893 2665 1004 2733 efferre
1026 2673 1059 2733 et
1082 2667 1220 2732 revereri
1243 2685 1312 2732 ma·

149 2755 301 2834 jestatcm
317 2754 417 2819 decet.
451 2753 512 2819 Hic
527 2756 611 2820 enim
625 2754 687 2820 Dei
701 2755 834 2837 ingeniti
849 2756 1029 2836 unigenitus
1045 2755 1146 2819 Filius
1161 2753 1313 2835 splendor

152 2844 201 2904 est
223 2840 342 2921 gloriae
364 2844 397 2906 et
418 2840 519 2922 figura
541 2841 739 2906 substantiae
761 2841 842 2922 ejus,
866 2842 1052 2924 principium
1075 2848 1108 2906 ct
1130 2841 1218 2921 finis,
1255 2860 1312 2923 per

152 2945 245 3008 quem
275 2934 309 2992 et
335 2933 466 3009 propter
498 2946 592 3009 quem
626 2929 754 2995 condita
788 2933 863 2992 sunt
896 2929 1052 2996 universa.
1098 2929 1159 3007 Qui
1181 2938 1317 3011 propter

151 3015 279 3079 nimiam
302 3014 510 3094 charitatem,
544 3034 608 3098 qua
637 3015 747 3081 dilexit
777 3034 850 3096 nos,
884 3016 918 3079 in
941 3022 1082 3081 assumta
1104 3017 1186 3081 servi
1209 3014 1312 3082 forma

151 3101 289 3166 traditus
312 3109 361 3169 est
383 3108 516 3186 propter
537 3103 654 3169 delicta
685 3109 795 3168 nostra
821 3109 854 3167 et
874 3104 1047 3169 resurrexit
1068 3107 1198 3184 propter
1216 3104 1312 3185 justi·

152 3187 329 3255 ficationem
361 3195 518 3270 nostram,
547 3196 648 3272 ,atque
681 3189 854 3256 inferorum
887 3196 920 3256 et
953 3191 1063 3255 mortis
1090 3191 1193 3256 victor
1215 3207 1314 3272 snper

152 3294 260 3341 omnes
282 3276 386 3343 coelos
408 3277 693 3344 ascendens-sedet
715 3278 755 3342 ad
771 3277 934 3342 dexteram
955 3278 1131 3361 majestatis
1154 3278 1187 3341 in
1209 3277 1312 3343 excel-

153 3364 212 3444 sis,
245 3365 312 3429 Rex
342 3383 460 3445 regum>
484 3370 517 3429 et
539 3365 693 3430 Dominus
720 3365 957 3431 dominantium.
1003 3365 1085 3430 Eum
1108 3365 1191 3431 eninr
1215 3383 1313 3445 super

153 3468 275 3516 omnem
304 3452 513 3532 principatum
543 3457 576 3517 et
602 3456 795 3533 potestatem
818 3451 914 3517 Pater
945 3453 1110 3518 constituit
1140 3451 1313 3516 haeredem

152 3539 380 3618 universorum,
415 3543 451 3603 ut
472 3539 505 3603 in
528 3540 672 3604 omnibus
694 3541 864 3622 primatum
887 3557 1017 3621 genem,
1053 3539 1254 3605 credentibus
1278 3545 1317 3603 et

153 3625 444 3707 obtemperantibus
467 3625 528 3690 sibi
552 3645 647 3692 causa
669 3628 713 3691 sit
735 3626 847 3692 salutis
864 3632 1024 3692 aeternae.
1058 3627 1179 3690 lterum
1202 3630 1312 3691 antem

152 3718 303 3776 venturus
325 3718 374 3777 est
397 3730 466 3777 cum
490 3715 606 3778 virtute
628 3732 745 3796 magua
767 3721 799 3778 et
814 3714 980 3795 majestate
1000 3714 1143 3797 judicare
1166 3713 1253 3779 vivos
1277 3720 1320 3778 et.

153 3803 293 3863 mortuos
321 3804 354 3864 et
385 3817 512 3881 omnes,
548 3802 602 3882 qui
635 3803 668 3868 iu
690 3801 901 3867 monumentis
924 3807 1016 3881 sunt,
1050 3802 1181 3866 audient
1203 3818 1313 3866 vocem

152 3884 225 3950 Filii
247 3885 320 3966 Dei,
356 3891 388 3949 et
409 3887 595 3968 procedent,
630 3889 683 3970 qni
705 3890 790 3953 bona
810 3886 968 3968 fecerunt,
992 3890 1024 3953 in
1048 3888 1313 3953 resurrectionem

153 3973 245 4053 vitae,
269 3976 420 4054 quivero
444 3974 529 4038 mala
551 3981 693 4057 egerunt,
718 3978 750 4040 iu
771 3976 1033 4042 'resurrectionem
1052 3974 1174 4058 judicii.
1230 3974 1313 4040 Tum

145 4058 344 4125 'revelabitur
378 4062 528 4143 majestas
561 4063 642 4146 ejus,
678 4062 825 4128 divinitas
860 4070 893 4128 et
927 4064 1120 4145 sempiterna
1141 4062 1243 4128 virtus
1279 4069 1314 4129 et

152 4148 252 4211 omnis
268 4147 375 4229 lingna
389 4147 598 4232 confitebitur,
620 4151 695 4231 quia
711 4151 863 4216 Dominus
878 4149 971 4215 Jesus
987 4148 1133 4215 Christus
1155 4149 1186 4214 in
1210 4147 1322 4230 gloria.

152 4239 202 4300 est
223 4233 282 4297 Dei
304 4232 410 4300 Patris
434 4236 583 4320 (Philipp.
608 4240 663 4315 2.).
