2946 4942
555 342 600 394 „nn
621 341 718 388 annus
741 339 932 391 noeuemms,
1266 327 1327 387 113

161 582 331 648 Morueotu
348 602 413 664 pro
437 583 637 667 dogmaticae
659 584 857 666 definitionis
878 582 1124 663 Assumptc'oois
1150 581 1330 665 Corporeae

298 687 425 754 Baetae
447 687 580 753 Murice
608 688 756 773 Va‘rpa'oo's
778 688 814 753 o‘u
838 687 956 754 coelum
973 687 1199 769 possibilitate.

209 848 215 858 ·
270 827 297 892 Ι.
332 826 537 892 Pervetustus
568 833 602 893 et
630 834 780 895 constans
803 828 969 908 utriusque
992 826 1151 892 Ecclesiae
1173 825 1329 893 Occiden-

151 914 239 985 ¹talis
262 920 296 980 et
318 911 488 980 Orientalis
512 933 581 979 cum
605 915 747 981 docentis
769 920 839 980 tum
862 914 1011 980 discentis
1040 919 1089 980 est
1111 932 1222 980 sensus
1245 915 1329 980 circa

165 999 358 1082 corpoream
381 1002 541 1084 Deiparae
562 1003 829 1085 Assumptionem.
873 1000 944 1067 Hoc
967 1007 1074 1066 autem
1096 999 1225 1081 factum,
1243 1003 1328 1084 quod

158 1087 285 1155 scilicet
314 1089 447 1154 bominis
482 1107 593 1171 corpus
628 1095 701 1155 ante
736 1095 910 1155 extremum
934 1088 1046 1171 judicii
1069 1089 1150 1154 mem
1173 1090 1206 1154 iu
1229 1091 1326 1155 coelis

163 1177 268 1255 vivat,
302 1193 405 1256 neque
440 1177 600 1256 sensibus,
634 1196 736 1259 neque
770 1177 910 1242 bumana
942 1176 1134 1242 auctoritate
1163 1175 1329 1242 testificari

163 1269 289 1344 potest;
318 1265 461 1344 quamvis
496 1265 578 1329 euim
613 1263 777 1347 Scriptura
809 1264 895 1330 dicet
924 1262 1013 1328 Enoc
1037 1269 1070 1328 et
1093 1263 1195 1328 Eliam
1217 1270 1328 1346 raptos

164 1367 233 1416 esse
255 1351 289 1414 in
311 1349 443 1430 coelum,
466 1350 576 1416 inferri
597 1370 662 1418 non
683 1357 791 1434 potest
822 1352 864 1416 ad
890 1350 1071 1415 intuitivem
1094 1350 1153 1415 Dei
1175 1351 1328 1416 visionem

166 1438 321 1503 admissos
352 1454 432 1503 esse.
487 1436 555 1503 Nisi
580 1440 679 1520 igitur
709 1438 890 1505 firmissima
919 1437 1081 1502 Ecclesiae
1115 1436 1194 1503 fides
1223 1438 1327 1520 quoad

166 1522 358 1605 Corporeum
388 1523 508 1590 Bootae
537 1525 659 1591 Mariae
692 1525 831 1605 Virginis
864 1526 1121 1606 Assumptionem
1156 1526 1218 1591 dici
1251 1525 1329 1591 velit

164 1611 242 1676 levis
277 1611 369 1676 nimis
398 1611 586 1693 credulitas,
618 1613 701 1694 quod
734 1612 784 1678 vel
814 1613 952 1694 cogitare
975 1612 1105 1693 impium
1130 1620 1193 1690 est,
1217 1613 1328 1693 procul

149 1699 259 1768 ‚dubio
292 1715 363 1766 eam
396 1698 618 1766 aTraditione
642 1699 958 1781 divino-apostolica,
980 1699 1062 1764 idest
1083 1717 1103 1764 a
1125 1698 1327 1766 Revelatione
1398 1751 1402 1763 ,
1447 1739 1448 1743 =

165 1792 270 1852 ortum
308 1783 427 1852 habere
457 1784 634 1853 firmissime
662 1786 844 1852 tenendum.
890 1785 982 1865 Quod
1006 1786 1176 1868 gloriosum
1200 1787 1326 1868 quidem

165 1873 287 1953 facinus
299 1872 617 1954 Divollvangelistae
639 1876 762 1953 Joanni,
786 1876 839 1956 qui
861 1881 936 1955 post
958 1873 1079 1939 Beatae
1094 1873 1233 1956 Virginis
1256 1876 1328 1940 dor·

161 1961 329 2046 mitionem
351 1961 438 2040 obiit,
462 1961 637 2028 revelatum
661 1980 730 2027 esse
752 1963 867 2043 potuit.

270 2047 405 2129 Insuper
436 2049 591 2130 Deiparae
625 2049 767 2131 Virginis
801 2050 975 2130 anticipata
1005 2049 1196 2114 resurrectio
1227 2054 1260 2114 et
1281 2051 1327 2114 in·
1419 2125 1420 2128 Ἴ

160 2145 257 2216 tegra
280 2132 478 2216 glorificatio,
503 2154 727 2202 cumconnexa
750 2155 822 2202 cum
846 2137 961 2201 Divina
983 2135 1188 2201 Matemitete
1210 2143 1244 2202 et
1265 2136 1328 2200 lm·

157 2221 323 2287 maculata
345 2219 559 2305 conceptione
590 2225 670 2303 sint,
701 2225 786 2288 inter
812 2222 897 2289 facta
919 2225 1100 2305 dogmatica
1119 2221 1190 2303 jure
1213 2224 1326 2289 merito

157 2309 327 2394 accenseri
348 2315 491 2390 possunt.

270 2395 392 2463 Idcirco
422 2399 607 2479 Assumptio
645 2398 804 2479 Deiparae
838 2394 1000 2478 Corporea
1033 2414 1101 2462 cum
1137 2395 1325 2462 Sanctorum

150 2483 429 2564 (lenonizatione‚
464 2484 514 2549 vel
537 2485 626 2551 Petri
653 2485 785 2550 Romam
816 2483 955 2549 adventu
990 2484 1166 2565 comparari
1196 2487 1327 2565 nequit3

149 2572 284 2654 quippe
315 2571 400 2652 quod
421 2572 502 2637 istae
530 2573 683 2638 veritates
706 2572 748 2636 ad
771 2589 928 2636 summum
951 2571 1179 2637 ecclesiasticae
1201 2573 1328 2636 certitu-

152 2659 247 2723 dinis
271 2665 355 2738 sunt,
378 2659 418 2723 de
440 2659 554 2741 quibus
577 2664 685 2724 tamen
705 2659 846 2723 dubitari
868 2659 997 2723 minime
1018 2663 1133 2741 potest,
1157 2658 1232 2738 quin
1248 2655 1326 2725 fides

148 2743 434 2824 labefactaretur3
457 2746 513 2811 illa
534 2764 610 2811 vero
634 2743 800 2811 definibilis
823 2745 863 2810 de
884 2743 946 2810 fide
970 2751 1028 2825 est,
1052 2746 1129 2826 quia
1144 2744 1327 2811 interfecta

152 2833 345 2914 dogmatica
373 2833 519 2898 sensibus
545 2852 610 2899 non
641 2834 786 2916 subjecta
814 2837 1021 2913 accensetur,
1043 2839 1141 2914 atque
1164 2833 1326 2899 traditioni

151 2919 480 3001 divino-apostolicae
502 2921 687 3001 consignata
710 2925 768 2985 est.
1391 2978 1397 2988 ,

273 3006 443 3073 Praeterea
474 3010 582 3090 magni
612 3009 762 3072 momenti
786 3015 836 3074 est
857 3007 1112 3074 animadvertere
1131 3006 1222 3086 juxta
1244 3008 1326 3072 ordi-

149 3094 288 3177 nariam
311 3093 371 3160 Dei
392 3097 605 3160 oeconomiam
629 3096 749 3159 animas
769 3094 938 3176 justorum,
961 3096 1073 3177 quibus
1088 3093 1175 3159 nulla
1190 3095 1327 3175 supersit

149 3187 368 3264 peccatorum
396 3200 499 3263 poena
526 3182 659 3262 luenda,
694 3183 777 3246 illico
812 3189 885 3264 post
918 3190 1052 3246 mortem
1083 3180 1125 3246 ad
1147 3181 1327 3245 intuitivam

150 3268 226 3334 Dei
260 3269 413 3334 visionem
442 3269 584 3336 admitti:
615 3275 666 3344 ast
700 3288 763 3335 non
796 3271 842 3334 ita
866 3287 936 3335 esse
959 3268 998 3332 de
1022 3268 1223 3350 corporibus,
1247 3285 1328 3349 quae

151 3363 291 3421 tantum
314 3357 347 3419 in
368 3358 537 3421 nouissimo
558 3357 667 3438 jndicii
690 3358 741 3422 die
756 3356 951 3439 evigilabunt
976 3360 1202 3438 resumptoque
1214 3357 1327 3437 spiritu

151 3443 270 3508 divino
293 3443 411 3508 intuitu
432 3442 587 3511 fruentur.
1267 3504 1272 3508 .

266 3530 313 3596 Π.
348 3529 457 3611 Neque
480 3530 726 3613 locupletissima
741 3529 795 3597 SS.
812 3530 943 3595 Petrum
966 3533 1145 3596 testimonia
1167 3536 1326 3596 aremota

153 3621 274 3682 aetate
307 3617 349 3682 ad
377 3617 598 3684 duodecimum
626 3636 726 3700 usque
754 3617 914 3683 saeculum
938 3618 1172 3698 desiderantur,
1201 3620 1255 3698 qui
1278 3619 1326 3682 uti

152 3709 266 3770 testes
285 3704 425 3776 ,divinae
460 3706 662 3771 revelationis
696 3705 778 3770 banc
799 3707 967 3771 veritatem
989 3711 1207 3787 propugnant,
1231 3711 1327 3785 atque

152 3791 196 3855 in
224 3791 385 3856 nonnullis
408 3792 593 3858 Sanctarum
617 3792 849 3874 scripturarum
881 3791 1014 3859 oraculis
1048 3794 1144 3858 etiam
1174 3793 1327 3856 insinuari

158 3884 347 3945 autumant.
391 3882 611 3962 Antiquiorum
633 3898 709 3945 vero
732 3880 863 3946 Patrum
885 3879 1053 3960 silentium,
1077 3880 1162 3961 quod
1184 3879 1225 3943 ad
1242 3896 1326 3942 sum-

157 3984 251 4030 mum
276 3973 325 4030 est
348 3974 568 4048 argumentum
598 3969 800 4049 negativum,
823 3986 842 4033 a
864 3969 1075 4048 posteriorum
1100 3970 1242 4031 aetatum
1266 3966 1327 4030 Pe-

157 4053 268 4117 tribus
290 4053 415 4119 abunde
438 4060 667 4136 compensatur.

272 4140 328 4206 111.
359 4140 426 4206 Nec
447 4140 665 4223 theologomm
689 4139 839 4222 suffragia
868 4159 887 4206 a
910 4140 1095 4206 duodecimo
1118 4140 1161 4205 ad
1183 4143 1327 4205 nostrum

163 4244 268 4308 usque
299 4245 410 4293 aevum
433 4229 565 4309 desunt,
599 4231 653 4311 qui
674 4248 732 4311 pro
754 4228 837 4294 virili
860 4245 919 4293 sua
940 4235 1031 4310 parte
1053 4229 1136 4292 hanc
1157 4229 1325 4294 veritatem

164 4323 382 4397 propugnant.

221 4435 344 4486 Martln,
365 4435 521 4478 Documenta.
547 4436 610 4479 Edit.
624 4436 655 4478 11.
1221 4421 1237 4470 8
