2946 4942
224 297 285 357 138
585 310 743 358 scnnuxrx
767 309 1022 358 cousrrrononuu

329 449 430 526 Quum
461 467 576 513 munus
608 449 741 514 docendi
764 466 845 529 quae
868 448 1065 528 Religionem
1089 451 1236 528 spectant
1258 446 1387 512 nonnisi

221 536 387 618 Episcopis
403 555 422 600 a
439 534 563 600 Christo
579 536 714 601 Domino
729 538 762 599 in
777 535 1002 616 Apostolorum
1018 553 1153 616 persona
1169 534 1387 599 concreditum

222 623 328 703 iuuerit,
363 623 548 688 facultatem
578 623 682 688 clerici
705 641 768 688 non
792 629 956 687 assumant
979 623 1045 687 sive
1068 623 1214 687 scientias
1238 622 1388 687 ecclesia·

223 712 341 788 sticas,
374 713 439 775 sive
474 711 671 792 disciplinam
701 711 947 786 catecheticam‚
971 711 1037 773 siue
1062 711 1187 773 demum
1210 708 1389 790 quamlibet

223 799 317 864 aliam
341 797 512 879 Religionis
548 799 722 862 doctrinam
754 797 902 862 tradendi
934 801 966 860 in
997 798 1246 877 quibuscumque
1271 796 1390 862 scholis

223 886 273 949 vel
295 887 451 950 Institutis
476 888 514 950 ab
538 885 721 966 Apostolica
745 883 825 949 Sede
848 885 1029 949 immediate
1045 903 1108 949 non
1123 883 1388 965 dependentibus

222 975 283 1038 uisi
307 973 526 1051 demandato,
551 973 600 1035 vel
624 990 778 1037 consensu
801 990 949 1053 expresso
974 975 1022 1036 sui
1043 972 1208 1053 Episcopi:
1243 972 1277 1035 in
1308 989 1389 1052 quo-

223 1078 355 1140 cumque
389 1066 494 1123 antem
527 1060 704 1141 hujusmodi
741 1060 871 1124 docendi
906 1057 1009 1124 officio
1038 1060 1088 1123 vel
1112 1059 1213 1140 gradu
1236 1061 1301 1122 sint
1323 1059 1388 1139 ipsi

224 1148 397 1225 constituti,
425 1149 464 1211 ab
480 1146 662 1229 Episcopali
677 1149 866 1211 auctoritate
882 1165 916 1211 se
932 1165 1102 1227 numquam
1119 1147 1212 1211 eximi
1228 1147 1388 1212 noverint.

240 1267 272 1279 -
328 1234 371 1298 Et
357 1236 541 1314 tquoniam
565 1235 597 1298 ιιι
620 1235 722 1300 medio
747 1237 887 1315 corrupti
910 1236 1027 1298 saeculi
1049 1234 1139 1298 facile
1163 1235 1276 1312 evenit,
1294 1238 1332 1297 ut
1348 1233 1390 1297 de

223 1322 384 1386 mundano
407 1323 535 1402 pulvere
558 1324 656 1386 etiarn
681 1322 827 1400 religiosa
850 1323 946 1387 corda
969 1323 1153 1386 sordescant
1140 1322 1195 1402 t1)
1221 1321 1261 1384 ad
1286 1319 1389 1386 eccle-

224 1411 303 1472 siast
304 1410 344 1473 ici
369 1427 444 1472 vero
468 1409 587 1472 ordinis
610 1409 747 1490 dignitas
749 1427 797 1471 ern
822 1418 854 1472 et
877 1410 1115 1510 sanctimoniam
1130 1407 1331 1471 retinendam
1350 1427 1390 1472 ac

224 1495 389 1559 fovendam
414 1497 498 1576 pium
523 1497 614 1576 spirit
601 1497 732 1559 tualium
749 1498 867 1561 exercit
869 1498 970 1561 iorum
985 1498 1097 1562 institu
1077 1503 1166 1560 utum
1182 1495 1233 1558 vel
1248 1497 1390 1560 maxime

225 1584 388 1659 conducat3
421 1584 505 1646 omui
539 1585 644 1647 studio
679 1590 792 1648 curent
813 1586 900 1663 Epis<
900 1585 1018 1664 opiut
1005 1584 1164 1651 tclerici
1195 1585 1389 1663 praesertim

225 1671 355 1751 parochi
379 1679 410 1734 et
434 1669 624 1749 confessarii,
651 1671 782 1752 singulis
806 1671 868 1734 salt
855 1678 917 1734 tem
941 1673 1083 1735 trienniis
1106 1671 1155 1733 ιιι
1172 1670 1391 1749 quadrienniis

225 1762 312 1822 certo
337 1759 458 1822 dierum
482 1759 584 1838 spatio
607 1760 638 1820 in
663 1765 873 1839 opportunum
897 1758 1033 1839 aliquem
1049 1759 1152 1822 locum
1168 1757 1279 1821 iisdem
1295 1775 1390 1838 pera-

225 1846 336 1926 gendis
359 1845 515 1909 exercitiis
539 1846 706 1926 secedant,
738 1864 798 1926 quo
822 1847 1031 1910 exterioribus
1054 1847 1140 1910 curis
1163 1845 1324 1924 sepositis,
1351 1863 1391 1909 ac

225 1932 452 1996 vehementiori
467 1933 572 1996 studio
590 1940 791 1996 aeternarum
808 1935 1046 2012 divinarumque
1063 1951 1168 1996 rerum
1186 1932 1391 1997 meditationi

224 2026 395 2096 vacantes,
420 2019 665 2084 ecclesiasticum
688 2021 832 2100 spiritum
856 2039 1008 2084 renovare
1031 2022 1159 2100 possint.
1205 2019 1256 2083 Ita
1279 2028 1391 2084 tamen

224 2108 293 2187 pias
318 2107 469 2188 ejusmodi
493 2109 682 2171 secessiones
705 2109 851 2187 prudenti
876 2125 931 2172 suo
957 2107 1089 2172 arbitrio
1112 2107 1259 2187 Episcopi
1283 2107 1391 2171 distri-

225 2195 333 2271 bunut,
358 2200 393 2256 ut
409 2195 512 2258 cultus
529 2194 651 2257 divinus
675 2201 706 2258 et
722 2195 893 2275 spiritualis
917 2193 1056 2258 fidelium
1072 2195 1246 2260 necessitas
1262 2193 1389 2257 nullum

224 2280 297 2344 i'nde
321 2280 543 2344 detrimentum
566 2283 740 2361 patiantur.

332 2368 377 2431 Ne
400 2386 473 2432 vero
498 2371 519 2432 ii
542 2371 595 2449 qui
618 2387 673 2449 per
696 2370 817 2433 senium
840 2376 896 2433 aut
918 2368 1133 2434 infirmitatem
1150 2369 1269 2433 viribus
1293 2367 1391 2434 fracti

225 2457 306 2520 sacri
342 2457 507 2519 ministerii
536 2457 695 2520 laboribus
728 2457 918 2521 sustinendis
941 2460 1078 2537 impares
1102 2462 1289 2533 evaserunt,
1314 2474 1389 2537 ege-

225 2548 307 2607 state
337 2543 384 2604 vel
413 2546 570 2607 aerumnis
603 2552 802 2623 premantur,
836 2551 985 2623 satagant
1019 2545 1166 2625 Episcopi
1196 2544 1229 2607 in
1252 2543 1389 2624 singulis

226 2630 439 2709 DioecesibuS,
473 2631 524 2693 vel
564 2631 676 2693 saltem
709 2631 881 2696 Provinciis
924 2632 1161 2710 ecclesiasticis,
1200 2631 1390 2695 clericorum

225 2717 395 2796 hospitium
419 2718 549 2798 erigere,
575 2718 624 2780 vel
648 2718 710 2781 alia
733 2719 855 2782 ratione
877 2720 1058 2801 providere,
1089 2725 1125 2783 ut
1148 2717 1201 2799 qui
1224 2718 1389 2782 Ecclesiae

225 2801 361 2867 fideliter
385 2805 570 2884 servierunt,
597 2807 760 2870 honestam
785 2806 823 2871 ab
848 2825 886 2869 ea
910 2807 1098 2886 dignamque
1122 2805 1389 2870 sustentationem

225 2891 397 2954 inveniant.

701 3159 890 3228 CAPUTI
859 3160 916 3226 ΙΙΙ.

333 3301 451 3365 llaec
444 3301 487 3381 rgi
488 3308 540 3364 utr
563 3301 685 3382 aliaque
707 3301 871 3366 honestam
894 3300 1079 3382 clericorum
1098 3300 1196 3362 vitam
1212 3299 1393 3399 spectantia

227 3385 404 3450 indefessae
427 3388 662 3452 Venerabilium
685 3387 764 3452 Frat
750 3395 835 3452 trum
857 3388 935 3452 Nost
923 3391 1043 3452 trorum
1060 3386 1290 3468 Episcoporum
1307 3386 1391 3467 vigi-

227 3474 304 3538 lant
283 3478 345 3538 trae
378 3475 596 3540 commendant
582 3481 645 3553 tec,
681 3476 838 3540 eosdem
830 3495 863 3539 ιιι
886 3474 1019 3540 Domino
1043 3476 1265 3552 obsecramus,
1289 3478 1329 3538 ut
1352 3491 1393 3538 ea

227 3579 290 3642 qua
324 3582 382 3642 par
414 3568 462 3626 est
494 3565 661 3627 severitate
693 3569 725 3627 et
754 3564 856 3628 charit
858 3568 910 3626 ato
944 3562 1069 3643 plenam
1103 3560 1190 3624 illam
1219 3565 1393 3625 exerceant

229 3652 428 3729 potestatem
454 3669 473 3714 a
496 3651 637 3751 generali
660 3669 783 3731 quoque
805 3650 989 3714 Tridentino
1013 3647 1151 3713 Concilio
1157 3649 1183 3728 ²)
1204 3653 1237 3713 et
1252 3647 1393 3713 Praeda·

228 3737 408 3801 censoribus
443 3737 522 3802 Nost
508 3739 566 3802 tris
599 3739 753 3819 ipsisatt
706 3739 839 3802 attrihut
840 3755 909 3815 am,
944 3754 1038 3817 quam
1062 3743 1094 3799 et
1116 3735 1181 3800 Nos
1203 3734 1393 3800 inviolatam

229 3842 354 3887 manere
378 3825 577 3889 volumust
545 3832 577 3889 et
600 3826 806 3891 declaramus

334 3911 454 3988 Quodsi
477 3913 618 3990 clericus,
643 3914 789 3994 propriae
812 3915 975 3977 immemor
998 3911 1100 3992 dignit
1100 3929 1120 3974 a
1120 3911 1171 3988 tis,
1195 3910 1228 3974 ιιι
1251 3908 1393 3990 impudi-

229 4000 324 4064 citiae
346 3999 491 4064 sordibus
514 4001 735 4082 immundoque
752 4000 962 4065 concubinatu
977 4003 1130 4077 versetur,
1148 3996 1197 4061 rel
1213 3996 1393 4077 mulierem,

341 4174 404 4239 ¹)S
425 4175 480 4227 Leo
499 4175 537 4227 Μ
558 4174 643 4228 Serm
662 4175 731 4228 4de
751 4174 885 4240 eradrag

338 4243 449 4308 ².)Sess
472 4245 515 4300 Vl
541 4260 599 4311 cap.
620 4249 643 4296 3
663 4244 736 4300 Sess.
756 4245 828 4298 Xlll
849 4260 906 4310 cap
928 4246 950 4297 l.
967 4243 1039 4298 Sess.
1059 4241 1131 4293 XIV.
1152 4257 1212 4308 cap.
1232 4242 1253 4298 l.
1272 4244 1297 4293 4.
1319 4248 1350 4293 et
1370 4244 1396 4298 6.

231 4310 304 4364 Sess.
325 4312 412 4365 XXll
432 4329 490 4380 cap.
512 4319 534 4366 1.
556 4314 587 4367 de
608 4313 725 4370 Reform.
