2946 4942
538 315 733 364 oonsdldomo
756 317 927 367 aequumst

636 541 772 608 CAPUT
795 542 834 608 ΙΙ.

199 666 251 733 De
272 665 491 746 Pcrpctaitote
509 666 673 745 primatos
697 664 788 730 Petri
810 666 847 730 in
869 663 1026 731 Romanis
1050 666 1267 748 Pontificibus.

261 805 354 884 Quod
377 811 484 870 autem
507 804 540 869 in
562 807 655 871 beato
679 805 830 887 Apostolo
852 804 948 871 Petro
979 807 1126 888 princeps
1149 812 1315 888 pastorum

155 899 189 958 et
211 898 321 976 pastor
342 910 475 975 magnus
499 892 603 958 ovium
625 893 776 958 Dominus
793 892 938 959 Christus
954 895 1047 958 Jesus
1070 895 1102 957 in
1124 898 1313 975 perpetuam

155 981 289 1047 salutem
299 1000 351 1065 ,ac
372 997 510 1062 perenne
532 980 650 1045 bouum
673 979 835 1046 Ecclesiae
850 981 995 1061 instituit,
1011 981 1043 1045 id
1059 981 1170 1046 eodem
1185 986 1312 1046 auctore

154 1071 188 1135 in
211 1068 372 1150 Ecclesia,
406 1086 487 1149 quac
517 1067 650 1133 lundata
672 1085 766 1148 super
788 1072 912 1150 petram
935 1068 975 1132 ad
998 1066 1091 1133 finem
1114 1068 1313 1134 saeculorum

156 1175 255 1238 usque
277 1154 366 1220 firma
388 1155 496 1234 stabit,
510 1156 630 1238 Jugiter
653 1155 770 1221 durare
793 1172 921 1221 necesse
943 1159 1000 1222 est.
1048 1155 1134 1220 Nulli
1157 1156 1238 1221 enim
1255 1155 1313 1219 du-

154 1244 256 1323 bium,
291 1244 354 1308 imo
378 1241 511 1308 saeculis
534 1243 678 1308 omnihus
701 1248 810 1308 notum
840 1249 906 1324 est,
939 1243 1023 1324 quod
1046 1249 1173 1308 sanctus
1196 1244 1313 1308 beatis-

155 1331 315 1412 simusque
338 1330 471 1409 Petrus,
499 1329 720 1412 Apostolorum
743 1331 888 1412 princeps
912 1337 945 1395 et
968 1336 1076 1411 caput,
1102 1329 1235 1411 fideique
1258 1349 1320 1394 co·-

154 1419 262 1485 lumna
295 1424 327 1484 et
359 1416 520 1482 Ecclesiae
554 1416 724 1483 catholicae
762 1417 1015 1498 fundamentum,
1049 1419 1101 1499 qui
1134 1418 1312 1483 aDomino

155 1512 264 1573 nostro
299 1507 379 1576 Jesu
399 1503 524 1570 Christo
554 1510 587 1569 et
608 1503 774 1570 Salvatore
796 1505 926 1570 humani
947 1507 1071 1586 generis
1095 1523 1132 1570 ac
1154 1505 1320 1586 Redemp-

154 1599 224 1660 tore
256 1593 359 1659 claves
382 1593 471 1673 regni
493 1592 638 1673 accepit,
663 1593 783 1658 adhoc
805 1610 905 1674 usque
929 1597 1053 1675 tempus
1076 1597 1109 1658 et
1132 1610 1256 1673 semper
1278 1593 1312 1656 in

155 1682 220 1748 suis
244 1680 484 1760 successorihus,
508 1680 663 1763 episcopis
687 1685 816 1746 sanctae
838 1681 999 1746 Romanae
1022 1679 1128 1761 Sedis,
1166 1678 1206 1744 ab
1239 1679 1317 1761 ipso·

139 1769 324 1849 ‘fundatam
359 1769 489 1851 ejusque
520 1771 724 1833 consecratae
747 1769 916 1849 sanguine,
940 1768 1018 1833 vivit
1041 1773 1073 1832 et
1095 1766 1257 1848 praesidet
1279 1771 1312 1831 ct

151 1857 305 1942 judicium
336 1859 470 1920 exercet.
499 1855 524 1936 ²)
569 1854 662 1920 Unde
685 1857 871 1936 quicumque
895 1855 927 1919 in
949 1855 1009 1919 hac
1032 1854 1192 1919 cathedra
1215 1854 1311 1919 Petro

155 1944 313 2024 succedit,
347 1943 374 2007 is
408 1942 579 2007 secundum
607 1941 725 2009 Christi
759 1943 856 2024 ipsius
890 1943 1118 2007 institutionem
1141 1943 1310 2023 primatum

154 2032 240 2098 Petri
263 2031 296 2096 in
319 2032 497 2095 universam
521 2028 697 2095 Ecclesiam
721 2031 852 2096 obtinet.
898 2029 1007 2095 Manet
1037 2047 1111 2110 ergo
1147 2029 1310 2110 dispositio

154 2120 309 2198 veritatis,
333 2122 366 2183 et
387 2119 500 2183 beatus
523 2116 635 2182 Petms
658 2118 691 2181 in
713 2124 846 2199 accepta
868 2116 1051 2183 fortitudine
1074 2123 1183 2197 petrae
1204 2134 1311 2198 perse-

154 2226 267 2273 verans
291 2213 438 2287 suscepta
459 2203 625 2270 Ecclesiae
647 2205 860 2287 gubernacula
883 2223 946 2272 non
967 2204 1104 2285 reliquit.
1120 2209 1146 2286 ᾖ)
1178 2204 1247 2269 Hac
1270 2205 1313 2268 de

155 2312 249 2361 causa
283 2293 325 2359 ad
345 2292 519 2360 Romanam
542 2291 719 2358 Ecclesiam
742 2299 872 2375 propter
895 2293 1104 2374 potentiorem
1132 2291 1320 2374 principali-2

153 2387 253 2448 tatem
282 2398 411 2447 necesse
445 2397 570 2461 semper
603 2378 663 2444 fuit
691 2398 814 2445 omnem
844 2379 1011 2446 convenire
1033 2379 1229 2458 Ecclesiam,
1252 2378 1312 2443 hoc

153 2476 213 2548 est,
238 2487 300 2550 eos
325 2469 474 2551 quisunt
497 2467 635 2549 undique
657 2465 775 2548 fideles,
799 2474 836 2533 ut
858 2469 890 2533 in
913 2486 951 2533 ea
974 2467 1065 2548 Sede,
1090 2486 1107 2531 e
1130 2484 1193 2547 qua
1216 2485 1318 2531 vene·-

153 2557 273 2627 randae
295 2554 520 2622 communionis
539 2555 615 2637 Jura
629 2555 662 2620 iu
677 2574 785 2621 omnes
801 2555 973 2635 dimanant,
993 2560 1154 2635 tamquam
1170 2553 1312 2618 membra

153 2646 186 2710 in
209 2644 313 2726 capite
336 2643 524 2719 consociata,
540 2642 574 2707 iu
589 2661 684 2707 unam
700 2644 838 2725 corporis
855 2660 1038 2725 compagem
1054 2641 1276 2707 coalescerent.
1284 2640 1318 2723 ³)

259 2730 292 2797 Si
321 2731 390 2811 quis
419 2747 495 2812 ergo
518 2729 647 2808 dixerit,
676 2748 737 2795 non
768 2748 838 2797 esse
861 2730 1020 2812 exipsius
1045 2727 1162 2794 Christi
1185 2728 1318 2794 Domini.

153 2819 351 2886 institutione
374 2836 430 2884 seu
449 2817 521 2900 jure
545 2817 659 2897 mnne,
682 2823 719 2883 ut
740 2817 853 2883 beatus
874 2817 989 2883 Petrus
1012 2817 1045 2882 in
1060 2817 1201 2899 primatu
1216 2833 1322 2898 super·

152 2907 330 2973 universam
354 2904 530 2972 Ecclesiam
553 2904 671 2970 habeat
692 2910 862 2987 perpetuos
885 2922 1100 2982 successorem
1125 2909 1181 2970 aut
1196 2904 1321 2970 Roma·-

153 3013 228 3061 num
250 2991 435 3060 Pontificem
456 3009 519 3057 non
541 3009 611 3057 esse
632 2991 720 3058 beati
742 2992 829 3059 Petri
851 2993 884 3058 in
907 2991 1017 3058 eodem
1032 2992 1171 3074 primatu
1187 2992 1321 3056 succes--

153 3101 274 3162 sorem3
297 3082 466 3147 anathema
489 3080 539 3147 sit.

625 3339 759 3407 CAPUT
782 3342 836 3409 III.

317 3465 369 3532 De
393 3464 422 3528 oi
445 3469 474 3530 ct
497 3463 622 3530 ratione
638 3464 804 3546 primatos
826 3463 966 3529 Romani
987 3461 1164 3544 Pontificio.

258 3608 457 3688 Quapropter
479 3603 596 3686 apertis
618 3603 716 3668 innixi
738 3621 901 3670 sacrarum
923 3603 1103 3668 litterarum
1119 3600 1321 3667 testimoniis·

151 3700 185 3761 et
221 3693 423 3760 inhaerentes
453 3698 521 3757 tum
554 3690 836 3758 Praedecessorum
870 3691 1058 3757 Nostrorum
1095 3690 1314 3756 Romanorum

150 3778 339 3848 Pontificum
372 3783 440 3844 tum
462 3777 673 3844 Conciliorum
696 3777 892 3860 generalium
915 3777 1051 3855 disertis,
1075 3774 1321 3858 perspicuisque

151 3869 296 3951 decretis,
319 3869 504 3933 innovamus
527 3866 721 3933 oecumenici
744 3863 873 3932 concilii
887 3865 1062 3932 Florentini
1085 3862 1320 3944 definitionem,

152 4027 361 4037 --.η’-...-

260 4132 278 4193 ¹)
297 4127 337 4182 cf.
358 4127 491 4196 Ephesini
510 4127 624 4181 Concilii
643 4129 707 4184 Act.
727 4125 775 4180 lll.

258 4198 280 4303 ἶ)
299 4197 328 4322 ἓ
345 4199 404 4321 {⁴⁹⁰
424 4197 557 4322 1Ἲιιὸωΐιῗ]
561 4239 566 4250 ’
587 4198 634 4320 mi
654 4197 699 4320 (fili
718 4196 846 4320 H')a⁰³pt'
857 4198 909 4319 13
927 4273 938 4318 t
965 4264 986 4319 u
1073 4265 1090 4318 ι
1131 4264 1173 4317 nei
1202 4278 1218 4316 a
1250 4264 1300 4317 aar

151 4339 223 4392 inter
243 4270 305 4406 ep)p.
319 4283 511 4396 ⁸S.r21}r⁶rbrosvii
530 4283 640 4404 egfridi..
700 4282 749 4323 ’θ’
787 4283 827 4324 ’θ
869 4281 946 4335 ΔΜ.
989 4281 1048 4320 one·
1067 4304 1076 4317 ι
1093 4281 1137 4332 qm
1177 4307 1182 4319 Ι
1221 4304 1227 4316 ⁸
1305 4304 1320 4319 υ
