2946 4942
543 340 734 389 GONSTITUTIO
758 341 928 391 noanlrlcs

709 499 767 564 111.

669 638 720 704 De
741 638 812 720 ride.

266 787 294 843 1.
318 777 353 843 Si
377 779 447 858 quis
471 777 593 857 dixerit,
617 779 773 843 rationem
795 778 964 844 humanam
987 782 1034 845 ita
1055 780 1319 861 independentem

159 884 238 946 esse,
263 871 298 930 ut
320 864 398 930 fides
421 866 450 930 ei
473 883 492 929 a
516 866 583 930 Deo
606 867 754 946 imperari
777 884 839 931 non
861 868 979 948 possit;
1003 867 1174 932 anathema
1198 868 1253 933 sit.

265 958 294 1017 2.
319 951 352 1017 Si
381 953 451 1032 quis
474 952 600 1029 dixerit,
635 951 728 1016 fidem
751 953 890 1018 divinam
917 973 936 1018 a
963 955 1103 1019 naturali
1134 955 1174 1020 de
1198 954 1320 1021 Decet

158 1041 253 1106 rebus
275 1040 450 1105 moralibus
474 1041 604 1105 scientia
625 1059 687 1105 non
710 1040 875 1122 distingui,
908 1059 944 1106 ac
967 1048 1138 1124 propterea
1161 1042 1206 1107 ad
1228 1040 1320 1108 fidam

158 1128 298 1193 divinam
320 1147 384 1193 non
405 1128 537 1208 requiri,
573 1133 609 1215 ut
631 1127 773 1193 revelata
795 1129 913 1193 veritas
940 1137 1071 1213 propter
1094 1130 1320 1196 auctoritatem

158 1215 217 1280 Dei
240 1215 411 1280 revelantis
434 1215 594 1293 credatur;
618 1216 786 1279 anathema
809 1216 858 1279 sit.

264 1309 293 1368 3.
317 1303 349 1368 Si
378 1303 448 1383 quis
479 1302 607 1381 dixerit,
639 1302 862 1367 revelationem
889 1304 1024 1368 divinam
1057 1305 1198 1369 externis
1222 1305 1322 1387 signia

158 1390 341 1457 credibilem
371 1388 439 1454 fieri
461 1408 523 1454 non
545 1407 651 1471 posse,
681 1390 815 1470 ideoque
838 1390 904 1454 sola
934 1392 1061 1456 interna
1090 1392 1248 1473 cujusque
1271 1410 1323 1457 ex·

157 1479 313 1558 parientia
342 1483 398 1541 aut
430 1477 638 1557 inspiratione
671 1476 794 1558 privata
820 1477 963 1543 homines
994 1477 1034 1542 ad
1066 1476 1164 1543 fidem
1199 1478 1323 1545 moveri

158 1565 290 1644 debere3
314 1564 485 1630 anathema
507 1564 557 1628 sit.

263 1659 292 1716 4.
317 1651 443 1734 Siquis
466 1651 588 1730 dixerit,
619 1650 771 1715 miracula
793 1651 881 1716 nulla
903 1649 972 1717 fieri
994 1671 1097 1734 posse,
1121 1653 1331 1735 proindeque·

157 1758 266 1806 ornnes
288 1740 328 1804 de
350 1740 389 1804 iis
412 1739 625 1817 narrationes,
656 1739 753 1802 etiam
775 1739 807 1803 in
836 1757 927 1805 sacra
950 1739 1322 1822 Scripturacontentas,

156 1828 241 1892 iuter
262 1826 386 1892 fabulas
415 1826 464 1890 vel
487 1826 611 1908 mythos
641 1825 834 1907 ablegandas
859 1844 942 1906 esse3
976 1833 1033 1892 aut
1054 1827 1210 1893 mhacula
1234 1833 1323 1894 certo

158 1917 303 1995 cognosci
325 1931 486 1995 nunquam
510 1930 611 1995 posse,
640 1930 699 1977 nec
720 1914 759 1977 iis
783 1913 921 1978 divinam
944 1915 1103 1997 religionis
1126 1915 1323 1981 christianae

157 2004 309 2085 originem
334 2003 395 2066 rite
417 2001 563 2082 probari3
586 2001 754 2065 anathema
777 2001 829 2065 sit.

264 2097 292 2153 5.
317 2088 351 2153 Si
381 2089 451 2168 quis
481 2088 611 2166 dixerit,
646 2105 809 2152 assensum
841 2086 914 2153 fidei
938 2089 1129 2154 christianae
1159 2108 1224 2154 non
1251 2107 1322 2155 ease

156 2175 299 2256 liberum,
323 2176 379 2240 sed
402 2177 596 2258 argumentis
622 2174 781 2240 humanae
803 2176 936 2240 rationis
965 2177 1145 2242 necessario
1168 2176 1321 2258 produci3

159 2268 214 2328 aut
245 2262 287 2328 ad
321 2264 420 2328 solam
454 2261 547 2327 fidem
579 2263 697 2340 vivam,
731 2280 812 2343 quae
845 2281 904 2344 per
932 2263 1121 2329 charitatem
1153 2271 1320 2345 operatur,

157 2351 294 2430 gratiam
317 2351 376 2414 Dei
398 2350 610 2415 necessariam
634 2367 718 2426 esse,
741 2349 910 2415 anathema
932 2351 983 2417 sit.

263 2443 292 2502 6.
316 2437 351 2503 Si
373 2439 442 2518 quis
459 2438 581 2518 dixerit,
604 2454 712 2517 parem
736 2455 806 2501 esse
822 2437 1031 2504 conditionem
1053 2435 1196 2503 fidelium
1219 2445 1322 2521 atque

156 2543 275 2605 eorum,
301 2527 354 2607 qui
377 2525 418 2590 ad
440 2524 535 2590 fidem
557 2525 649 2589 unice
672 2542 781 2588 veram
804 2525 942 2590 nondum
965 2530 1187 2607 pervenerunt,
1210 2526 1262 2591 ita
1284 2530 1322 2591 ut

156 2613 304 2678 catholici
336 2612 455 2692 justam
489 2630 620 2676 causam
652 2611 770 2676 habere
804 2612 945 2693 possint,
980 2611 1097 2693 fidem,
1126 2630 1224 2692 quarn
1257 2614 1319 2679 sub

154 2699 318 2765 Ecclesiae
353 2700 532 2779 magisterio
566 2700 635 2782 jam
672 2705 892 2780 susceperunt,
930 2717 1063 2765 assensu
1095 2717 1251 2781 suspenso
1286 2700 1321 2765 in

155 2787 285 2852 dubium
307 2787 453 2866 vocandi,
485 2786 585 2851 donec
608 2786 903 2851 demonstrationem
927 2785 1133 2853 scientificum
1156 2786 1321 2853 eredibili-

153 2875 232 2939 tatis
255 2881 288 2938 et
309 2875 452 2939 veritatis
475 2872 548 2939 fidei
571 2892 647 2939 suae
671 2874 880 2954 absolverint,
905 2874 1073 2940 anathema
1095 2874 1147 2940 sit.

707 3083 762 3148 IV.

561 3222 696 3305 Doride
718 3229 748 3288 et
770 3224 904 3288 ratione.

262 3371 289 3428 1.
311 3363 438 3444 Siquis
470 3363 599 3444 dixerit,
632 3364 664 3426 in
695 3362 887 3428 revelatione
918 3363 1024 3428 diviua
1057 3361 1146 3427 nulla
1176 3380 1257 3428 vera
1287 3370 1322 3429 et

152 3453 279 3533 proprie
302 3451 386 3516 dicta
420 3452 570 3532 mysteria
605 3451 771 3530 contineri,
807 3451 863 3515 sed
886 3453 1032 3515 universa
1061 3449 1137 3515 fidei
1164 3449 1322 3532 dogmata

152 3557 244 3619 posse
276 3558 333 3620 per
361 3540 514 3602 rationem
540 3538 600 3602 rite
631 3537 788 3602 excultam
811 3555 828 3601 e
852 3536 1050 3602 naturalibus
1082 3537 1245 3619 principiis
1270 3538 1321 3603 in·

152 3626 254 3708 telligi
277 3631 308 3690 et
332 3627 556 3703 demonstrari3
579 3624 746 3690 anathema
768 3625 819 3690 sit.

259 3718 288 3780 2.
313 3714 346 3778 Si
369 3713 439 3793 quis
462 3713 590 3791 dixerit,
623 3711 802 3792 disciplinas
825 3712 980 3777 humanas
1010 3729 1048 3776 ea
1071 3730 1144 3777 curn
1165 3710 1320 3778 libertate

151 3800 337 3866 tractandas
361 3817 440 3877 esse,
465 3804 501 3863 ut
524 3817 633 3864 earum
656 3800 856 3878 assertiones,
880 3801 940 3864 etsi
963 3799 1127 3864 doctrinae
1150 3799 1319 3866 revelatae

151 3889 368 3967 adversentur,
402 3891 553 3967 tanquam
580 3905 674 3952 verae
696 3887 843 3966 retineri,
879 3904 980 3967 neque
1008 3887 1050 3952 ab
1073 3885 1219 3951 Ecclesia
1242 3906 1319 3969 pro·

151 3977 247 4042 scribi
269 3976 408 4056 possint3
434 3974 603 4038 anathema
624 3974 674 4038 sit.

258 4067 287 4129 3.
310 4063 343 4127 si
367 4062 437 4142 quis
460 4061 581 4141 dixerit,
605 4058 674 4125 fieri
696 4079 798 4142 posse,
822 4067 857 4125 ut
880 4060 1081 4143 dogmatibus
1105 4060 1146 4127 ab
1168 4060 1320 4128 Ecclesia

151 4149 320 4229 propositis
353 4149 522 4230 aliquando
555 4148 729 4214 secundum
764 4165 969 4230 progressum
1006 4148 1160 4215 scientiae
1200 4167 1319 4215 sensus

151 4235 339 4389 tribulandus
360 4237 402 4301 sit
417 4237 496 4302 alius
512 4237 553 4301 ab
577 4253 624 4313 eo,
648 4253 743 4316 quem
765 4235 919 4304 intellexit
933 4241 967 4301 et
988 4236 1136 4318 intelligit
1151 4236 1319 4320 Ecclesia,

151 4341 213 4389 ana
250 4341 319 4388 ema
341 4323 392 4389 sit.
