2946 4942
614 323 653 368 00
676 322 856 369 arsamum.
1254 307 1315 368 183

264 466 294 527 2.
319 461 502 526 Postulatur
518 467 553 525 ut
576 461 716 542 reliquae
740 459 911 525 facultates
927 460 1209 534 extraordinariae,
1233 477 1313 540 quae

156 566 213 629 pro
237 547 320 613 bono
343 550 517 614 animarum
549 567 568 612 a
590 547 621 613 S.
646 547 726 614 Sede
749 548 922 613 Ordinariis
946 548 1171 628 conceduntur,
1205 547 1238 611 iu
1260 566 1314 629 pe·

154 641 278 700 starum
300 655 362 701 000
386 635 427 700 ad
448 636 569 716 aliquot
591 637 684 714 01000,
708 638 763 701 sed
786 637 827 701 ad
849 645 973 717 ternpus
995 635 1226 716 impertiantur.

699 880 753 944 lx.

480 1018 534 1084 Dc
556 1019 761 1086 Sacramenta
783 1019 997 1084 Matrimonii.

262 1160 286 1223 Ι.
323 1159 486 1238 Abrogare
510 1159 584 1223 velit
608 1156 779 1225 Concilium
804 1160 1007 1224 Vaticanum:

264 1247 300 1312 A.
325 1245 436 1322 Quarti
466 1246 584 1327 gradus
615 1248 680 1312 sive
710 1246 849 1327 aequalis
882 1248 947 1311 sive
977 1244 1151 1326 inaequalis
1184 1243 1315 1327 impedi-

153 1332 266 1398 menta
287 1339 355 1397 tum
372 1335 651 1414 consanguinitatis
674 1342 741 1398 tum
757 1331 918 1398 affinitatis
941 1340 1030 1398 ortae
1047 1352 1084 1396 ex
1107 1333 1314 1396 matrimonio.
1342 1392 1349 1403 N

263 1423 299 1485 Β.
322 1421 471 1486 Publicae
495 1422 669 1485 honestatis
694 1441 730 1484 00
753 1421 953 1504 sponsalibus
976 1426 1111 1486 tantum.

265 1506 299 1572 C.
323 1505 531 1587 cognationis
548 1509 719 1589 spiritualis
743 1528 782 1573 ex
798 1509 969 1589 Baptismo,
993 1515 1216 1590 praeterquam
1232 1506 1315 1571 inter

150 1595 314 1660 levantem
338 1601 370 1660 et
392 1595 540 1659 leuatum.

263 1683 301 1749 D.
327 1681 462 1747 Secundi
496 1683 614 1764 gradus
647 1685 710 1747 sive
739 1682 880 1762 aequalis
909 1684 974 1746 sive
1006 1681 1180 1761 inaequalis
1213 1680 1315 1745 lineae
1389 1704 1393 1708 ⁴

149 1769 347 1835 collateralis
363 1768 527 1835 affinitatis
550 1790 587 1834 ex
603 1770 714 1852 copula
737 1770 854 1850 illicita,
880 1770 1047 1834 dummodo
1063 1771 1181 1850 primus
1197 1767 1314 1849 gradus

145 1876 220 1922 non
244 1858 443 1922 interveniat.

263 1945 381 2009 Motiva
404 1944 496 2025 hujus
519 1944 670 2025 postulati
692 1954 779 2010 sunt:

268 2037 294 2096 1.
318 2031 469 2096 Familias
491 2031 660 2097 hodiedum
682 2034 728 2097 ita
751 2032 937 2112 quandoque
961 2032 1106 2113 dispergi,
1132 2037 1167 2094 ut
1189 2031 1314 2109 saepius

154 2120 191 2182 10
216 2125 249 2182 40
272 2119 373 2200 gradu
398 2137 467 2183 sese
495 2120 681 2200 contingant
703 2121 931 2200 nupturientes
962 2121 1037 2199 quin
1061 2119 1110 2182 val
1133 2117 1252 2198 aliquid
1275 2117 1313 2180 de

156 2207 432 2287 consanguinitate
462 2216 518 2270 aut
540 2204 694 2271 affinitate
723 2209 920 2287 suspiciatur.
979 2207 1059 2271 Hinc
1082 2223 1313 2284 nonnumquam

148 2292 191 2357 fit
216 2301 253 2358 ut
280 2299 406 2374 petatur
433 2293 626 2374 dispensatio
655 2296 686 2358 in
718 2301 751 2358 40
774 2295 882 2375 gradu,
918 2300 1080 2358 contracto
1111 2295 1178 2375 jam
1208 2293 1315 2356 matri·

155 2382 271 2461 monio,
295 2389 328 2445 et
350 2380 475 2460 quidem
497 2383 580 2446 bona
603 2379 672 2460 fide,
697 2400 734 2446 ae
757 2381 897 2462 pluribus
920 2382 1020 2445 annis.

266 2473 294 2534 2.
318 2467 356 2530 In
378 2467 455 2532 locis
486 2470 604 2550 exiguis
638 2487 748 2533 revera
771 2468 958 2549 quandoque
981 2469 1027 2533 ita
1049 2485 1156 2532 omnes
1179 2465 1314 2530 familias

153 2554 208 2620 vel
241 2556 514 2636 consanguinitate
538 2556 586 2619 vel
619 2554 773 2621 affinitate
800 2557 884 2620 inter
915 2575 949 2620 se
979 2554 1081 2637 ligari,
1116 2561 1152 2619 ut
1174 2555 1225 2617 vix
1248 2551 1313 2616 fieri

155 2644 260 2724 possit
281 2643 325 2707 ibi
349 2643 550 2708 matrimonia
577 2644 721 2708 contrahi
755 2643 849 2708 aliter
876 2662 968 2724 quam
998 2645 1082 2708 inter
1109 2658 1258 2736 personas
1282 2645 1314 2704 40

155 2730 272 2794 saltem
294 2730 395 2811 gradu
413 2731 549 2812 junctas.

268 2823 296 2882 3.
321 2818 410 2894 Quod
435 2820 639 2899 praecipuum
661 2823 719 2897 est,
744 2823 777 2882 01
798 2836 856 2898 pro
879 2817 1022 2883 omnibus
1045 2817 1078 2880 in
1100 2816 1160 2881 hac
1182 2815 1316 2880 materia

155 2903 326 2986 postulatis
350 2904 444 2984 valet,
479 2906 511 2968 in
539 2906 720 2987 regionibus
752 2905 807 2969 ubi
839 2906 924 2982 viget
952 2905 1184 2970 matrimonium
1214 2902 1314 2982 civile,

149 3009 220 3055 non
255 2993 323 3055 dari
357 2993 446 3056 civile
480 3012 507 3056 v.
536 3013 565 3074 g.
589 2994 845 3075 impedimentum
882 2991 908 3056 3¹
941 2993 990 3056 rel
1024 2991 1052 3056 4ἰ
1084 2992 1209 3071 gradem.
1267 2991 1314 3055 lbi

150 3079 264 3161 igitur,
298 3098 356 3158 pro
380 3079 612 3161 languescentis
635 3080 707 3145 fidei
729 3081 805 3144 vitio
828 3098 961 3159 pronum
985 3086 1041 3157 est,
1066 3085 1102 3143 ut
1125 3083 1233 3159 spreta
1256 3077 1315 3142 Dei

149 3171 190 3230 et
214 3164 375 3230 Ecclesiae
398 3167 476 3249 lege,
500 3168 604 3249 plures
628 3170 686 3232 sub
710 3169 815 3248 specie
839 3167 1030 3231 matrimonii
1054 3167 1151 3230 civilis
1174 3167 1206 3230 in
1228 3166 1315 3247 turpi

149 3255 367 3319 concubinatu
389 3254 505 3319 vivant.
551 3255 642 3320 Unde
664 3255 821 3319 Postulati
843 3255 935 3318 ratio.
1131 3260 1134 3265 '

263 3342 303 3406 II.
337 3341 465 3406 Statuat
489 3342 660 3408 Concilium
689 3345 722 3406 in
749 3342 881 3423 supplici
909 3340 1014 3406 libello
1048 3342 1090 3406 ad
1112 3341 1314 3405 obtinendam

157 3427 420 3509 dispensationem
445 3432 475 3495 S.
500 3429 574 3494 Sedi
598 3429 721 3513 oblato,
742 3447 805 3494 non
829 3428 963 3511 amplius
987 3429 1221 3509 exprimendum
1243 3446 1313 3492 esse

155 3515 311 3581 incestum
334 3516 375 3580 ab
399 3518 576 3581 oratoribus
599 3519 800 3582 commissum
828 3519 911 3582 inter
934 3534 977 3581 se.
1033 3514 1134 3595 Hujus
1158 3515 1315 3580 Postulati

151 3605 275 3667 motiva
298 3610 388 3668 sunt:

266 3697 294 3754 1.
328 3691 364 3754 ln
386 3691 536 3755 hodierno
560 3692 718 3756 societatis
741 3696 829 3755 statu
851 3709 945 3771 saepe
979 3691 1121 3755 odiosum
1144 3690 1253 3770 videri,
1288 3691 1315 3754 si

148 3778 314 3858 >parochus
338 3779 378 3842 de
400 3778 554 3843 similibus
577 3780 728 3859 inquirat3
751 3798 789 3844 00
812 3778 862 3843 vel
885 3779 984 3857 magis
999 3778 1092 3858 quod,
1113 3778 1205 3858 juxta
1229 3796 1313 3842 com-

156 3881 281 3928 munem
298 3871 461 3930 auctorum
478 3866 659 3947 doctrinam,
683 3885 746 3931 non
761 3872 928 3931 teneantur
944 3872 1087 3930 oratores
1103 3883 1137 3928 00
1160 3863 1313 3928 infamare

157 3958 246 4016 extra
269 3950 517 4019 Confessionem..

264 4043 294 4103 2.
329 4039 362 4104 Si
393 4047 500 4106 autem
529 4040 607 4104 illud
641 4048 807 4122 peecatum
841 4039 1008 4120 detegatur·
1039 4038 1071 4101 in
1101 4034 1313 4115 00010001000,

152 4143 237 4206 quae
261 4129 387 4209 saepius
410 4146 473 4193 uno
496 4128 636 4192 alterove
659 4134 784 4196 tantum
811 4127 861 4190 die
885 4126 1122 4190 Matrimonium
1136 4126 1314 4206 praecedit,

157 4215 257 4279 nescit
278 4221 316 4279 ut
337 4214 507 4295 plurimum
535 4233 596 4295 quo
627 4233 660 4280 se
689 4221 794 4279 vertat
824 4212 1050 4291 Confessarius,
1086 4215 1184 4294 probe
1212 4213 1314 4277 sciens

155 4319 195 4364 ex
216 4321 280 4366 una
302 4309 395 4383 parte
428 4302 694 4385 dispensationem
723 4301 885 4368 obtentam
915 4319 984 4366 esse
1007 4300 1185 4381 invalidam,
1220 4306 1315 4364 0100
1391 4330 1393 4335 v
