2946 4942
210 311 273 373 148
701 326 867 374 rosmunda

206 465 340 529 maxime
374 464 472 530 serias
505 464 718 546 probationes,
751 465 840 530 ullibi
873 465 1015 532 conferri.
1069 465 1278 549 Quapropter,
1308 487 1370 550 pro

206 551 337 633 singulis
360 551 525 633 gradibus,
555 551 760 618 determinari
791 553 944 618 deberent
967 554 1120 635 quaedam
1143 557 1368 636 quaestionum

205 645 448 721 programmata,
465 640 497 704 in
512 640 626 722 quibus
641 641 790 705 materies
805 640 964 721 examinis,
989 640 1145 722 copiosior
1160 646 1191 706 et
1207 640 1371 710 diffieilior

205 731 301 807 prout
310 728 440 812 ,gradm
463 727 594 792 altiores
617 733 701 806 sunt,
725 728 914 809 exigeretur.
960 727 1037 807 Sed,
1066 729 1142 810 quia
1163 747 1277 809 parum
1301 736 1369 797 sta·

204 819 276 878 tuta
303 819 450 896 prosunt,
486 816 514 880 si
542 833 604 879 non
627 820 802 894 serventur,
838 816 948 880 stricte
979 815 1074 879 simul
1096 817 1366 884 examinatoribus

203 902 393 982 imponenda
415 910 499 968 esset
521 902 671 983 obligatio
695 902 859 983 neminem,
883 904 942 968 sub
964 903 1029 968 ullo
1053 903 1163 983 quovis
1183 911 1365 986 praetextu,

203 988 245 1054 ad
266 987 417 1054 honorem
449 989 605 1070 gradumn
629 1007 766 1070 unquam
796 990 995 1069 admittendi,
1029 990 1090 1056 nisi
1117 990 1206 1072 cujus
1230 991 1365 1059 scientia

201 1075 304 1158 longis
327 1076 505 1157 severisque
536 1076 774 1157 probationibus
806 1095 879 1141 vere
911 1078 1115 1142 constitisset.
1167 1077 1239 1143 Non
1268 1079 1365 1145 debe

202 1169 274 1231 rent
290 1165 406 1244 medus
422 1164 601 1244 superiores
616 1164 751 1229 obtineri
768 1182 826 1246 per
841 1165 966 1244 saltum,
982 1165 1106 1231 omissis
1122 1165 1365 1244 probationibus

201 1252 243 1316 ad
264 1251 381 1332 modus
404 1250 567 1316 inferiores
597 1252 716 1332 requiri
744 1252 855 1317 solitis.
909 1251 1083 1317 Utilissime
1111 1253 1207 1317 etiam
1229 1272 1363 1321 renoua-

200 1343 312 1402 rentur
344 1338 450 1420 plures
480 1357 616 1404 canones
649 1339 703 1420 qui
736 1339 769 1403 in
799 1338 1019 1405 Decretalibus
1053 1340 1264 1422 continentur,
1301 1341 1364 1407 snb

201 1424 309 1491 titulo:
348 1425 399 1490 De
433 1425 621 1509 Magistros,
656 1430 687 1491 et
717 1446 756 1491 ue
791 1426 917 1508 aliquid
951 1428 1100 1509 exigatur
1126 1445 1192 1507 pro
1229 1427 1363 1493 licentio

201 1512 343 1578 damnali.

306 1597 385 1665 Cum
407 1618 482 1665 vero
505 1599 736 1666 Universitates
759 1619 842 1666 nunc
857 1600 1064 1681 paucissimae
1087 1601 1161 1681 sint,
1186 1602 1362 1668 concedere

200 1686 348 1770 dignetur
371 1688 402 1755 S.
418 1687 562 1753 Pontifex
577 1693 613 1753 ut
634 1688 752 1769 gradus
768 1687 938 1770 theologici
960 1689 991 1752 in
1007 1688 1163 1754 nonnullis
1186 1689 1362 1773 majoribus

199 1775 378 1842 seminariis
401 1774 535 1840 conferri
557 1776 688 1857 possint.

198 1965 352 2031 Juuioros
374 1965 560 2043 sacerdotes,
581 1984 644 2045 per
665 1964 789 2046 aliquot
803 1984 912 2042 annos,
938 1965 1024 2028 circa
1047 1983 1174 2030 sacrun
1189 1966 1359 2034 scientiam

669 2068 885 2134 examinandi.

231 2288 236 2298 ι
301 2208 346 2274 Ut
364 2210 507 2289 juniores
538 2209 717 2275 sacerdotes
747 2209 912 2290 peritiores
946 2209 979 2272 in
1002 2210 1102 2272 sacris
1129 2209 1243 2275 studiis
1266 2209 1358 2293 fiant,

196 2297 351 2378 simulque
378 2297 547 2363 otiositatis
577 2296 718 2378 periculo
740 2294 977 2374 subtrahantur,
1008 2296 1184 2376 quotannis,
1217 2315 1278 2378 per
1300 2317 1357 2364 sex

195 2384 246 2453 rel
268 2391 391 2467 septem
418 2403 517 2450 annos
548 2403 568 2449 a
597 2388 739 2466 tempore
772 2383 980 2448 ordinationis
1008 2400 1086 2447 suae
1116 2385 1355 2465 computandos,

193 2479 363 2539 teneantur
386 2491 491 2539 coram
507 2472 672 2553 Episcopo,
695 2470 802 2535 veleb
826 2489 864 2536 eo
889 2470 1060 2551 designatis
1075 2471 1357 2557 examinatoribus,

193 2561 384 2642 respondere
408 2561 492 2625 circa
514 2560 715 2639 quaestiones
739 2559 779 2623 ad
803 2575 911 2624 sacras
935 2557 1083 2623 scientias
1107 2562 1298 2640 spectantes,
1322 2565 1356 2627 ot

192 2649 227 2719 iu
248 2650 485 2730 programmate
500 2646 541 2710 ad
563 2647 624 2712 hoc
645 2645 806 2727 publicato
822 2646 1010 2727 propositas.
1043 2644 1095 2709 Ita
1116 2663 1191 2710 vero
1206 2646 1357 2714 instituo·

192 2742 246 2801 tur
260 2752 463 2818 programma
476 2734 570 2813 istud,
595 2739 631 2798 ut
654 2733 823 2812 contineat,
846 2751 904 2814 per
918 2750 973 2798 sex
994 2731 1046 2796 vel
1061 2737 1182 2813 septem
1198 2751 1355 2801 annornm

192 2823 330 2904 spatium
353 2821 549 2899 distributae,
581 2822 731 2885 materias
754 2837 862 2886 omnes
892 2837 972 2901 quae
994 2818 1097 2885 solent
1118 2820 1151 2884 in
1174 2822 1357 2890 seminariis

191 2908 349 2992 explicari.

190 3065 242 3135 De
266 3065 488 3132 collationibus
517 3062 736 3130 ecclesiasticis
767 3065 851 3128 iuter
882 3063 1061 3128 sacerdotes
1092 3063 1302 3132 instituendis
1324 3072 1357 3133 et

310 3191 312 3193 ·
638 3167 892 3250 frequentandis.

293 3292 509 3356 Instituuntur
536 3290 570 3354 in
592 3289 737 3354 omnibus
767 3289 962 3354 dioemsibus
993 3287 1176 3354 collationes
1199 3290 1355 3356 ecclesia·

189 3379 296 3461 eticae,
319 3378 420 3444 sexies
442 3377 493 3442 uel
515 3378 634 3458 septies
664 3377 775 3442 saltem
798 3377 830 3440 in
853 3394 935 3441 anno
957 3376 1131 3456 habendae,
1164 3394 1243 3457 quas
1266 3377 1352 3459 ejns·

188 3461 260 3534 dem
290 3467 451 3532 districtus
483 3464 661 3546 presbyteri
691 3462 891 3543 frequentare
924 3481 1032 3528 omnes
1068 3463 1218 3544 debeant,
1255 3465 1356 3531 etin

187 3555 315 3636 quibus,
344 3553 435 3635 juxta
455 3570 655 3634 programma
677 3553 717 3618 ab
739 3550 897 3633 Episcopo
919 3552 1130 3632 propositum,
1159 3555 1352 3634 tractentur,

186 3646 256 3709 turn
279 3642 418 3723 scriptis,
453 3647 522 3705 tum
552 3640 691 3718 oraliter,
727 3639 928 3719 quaestiones
956 3638 1029 3702 illae
1064 3656 1144 3719 quae
1174 3639 1216 3703 ad
1238 3645 1357 3720 partes

186 3747 348 3795 sacrarum
372 3729 576 3794 scientiarum
598 3727 733 3791 maxime
756 3726 838 3790 clero
861 3725 1055 3790 necessarias
1075 3727 1236 3807 pertinere
1260 3727 1355 3793 vide·

184 3817 313 3883 buntur.

255 3991 307 4056 De
329 3990 490 4056 exercitiis
512 3987 738 4069 spiritualibus
760 4008 781 4050 a
805 3984 898 4053 Claro
920 3987 1082 4053 saeculari
1104 3987 1279 4068 quotannis

681 4092 846 4157 baindis.

289 4217 407 4284 Omnes
430 4218 546 4298 ubique
561 4215 709 4297 Episcopi
731 4232 843 4280 curare
859 4214 998 4280 debeant
1020 4217 1057 4279 ut
1079 4213 1230 4279 exercitia
1252 4213 1347 4295 spiri·

183 4305 292 4388 lauba
315 4306 493 4388 quotannis,
516 4322 573 4387 per
587 4305 709 4384 aliquot
730 4302 798 4369 dies
819 4320 840 4367 a
862 4299 955 4367 Claro
977 4300 1131 4369 saeculari
1145 4301 1342 4381 habeanture
