2946 4942
86 1947 98 1993 1

151 340 219 402 270
287 385 289 397 .
474 352 696 400 1111111111
719 350 988 423 nprnnsormauu.

152 543 299 599 Infallibile
329 543 516 612 magisterium
546 542 663 596 Romani
693 500 835 596 Pontificis
866 541 964 606 (const.
996 541 1085 611 dogm.
1113 542 1147 598 de
1223 491 1273 536 P*

259 630 373 686 ecclesia
392 629 456 684 chr.
475 628 575 698 prima)
613 669 1146 690 .............
1202 635 1238 688 24
1256 648 1316 704 sqq.

152 718 309 775 Inlallibilis
321 718 482 787 magisterii,
494 717 637 786 postulatu
655 732 705 785 pro
719 715 875 785 dogmatica
888 715 1047 773 definitione
1065 718 1145 777 Rom.

258 806 339 864 Pont.
357 835 391 846 -
410 835 444 844 -
476 845 1143 863 ................
1198 810 1234 862 68

152 893 308 949 Infallibilis
326 882 497 963 magisteriis
507 892 637 960 rationes,
651 892 685 946 ob
703 907 771 960 quas
783 890 937 961 propositio
954 921 987 930 -
1001 920 1036 932 -
1045 908 1146 962 oppor-

258 988 326 1036 tuna
343 987 371 1036 et
389 981 547 1036 necessaria
566 985 695 1035 censetur
738 1019 1143 1038 ..........
1199 984 1234 1037 70

152 1067 312 1123 Inlallibilis
326 1069 487 1136 magisterii,
498 1068 635 1136 postulata
645 1073 743 1121 contra
756 1065 988 1122 definitionem-
998 1096 1030 1106 —
1042 1067 1146 1123 directa
1200 1071 1238 1124 84
1255 1083 1314 1139 sqq.

363 1156 578 1213 Novissimorum
605 1154 811 1224 provincialium
830 1153 1001 1223 Synodorum
1023 1160 1052 1210 at
1075 1171 1147 1210 com·

469 1243 558 1297 munis
578 1244 770 1311 episcoporum
794 1243 932 1297 sententia
955 1242 988 1298 de
1006 1242 1146 1298 infallibili

468 1331 625 1399 magisterio
653 1369 1144 1388 ............
1199 1335 1234 1387 72
1255 1348 1314 1402 sqq.

151 1418 368 1485 Infallibilitate,
398 1419 508 1474 schema
532 1434 583 1486 pro
610 1448 643 1456 —
671 1419 749 1475 Rom.
773 1417 854 1474 Pont.
880 1431 915 1472 ex
939 1419 1081 1486 principiis
1109 1418 1144 1474 ab

258 1505 375 1561 ecclesia
392 1506 522 1559 universa
539 1505 659 1572 receptis
696 1545 1142 1564 ...........
1198 1509 1233 1562 60

152 1593 360 1661 Infallibilitate‚
379 1593 511 1660 rationes,
530 1593 565 1647 ob
584 1608 652 1661 quas
670 1592 723 1646 hoc
742 1591 852 1646 schema
871 1607 921 1659 pro
941 1621 973 1631 —-
992 1593 1079 1660 magis
1098 1609 1144 1648 ex-

257 1680 351 1750 pedire
372 1681 492 1736 creditur
520 1719 1142 1739 ...............
1196 1684 1233 1735 82

152 1768 303 1837 Infantiae‚
330 1767 502 1836 postulatum
519 1768 548 1822 in
565 1768 681 1834 gratiam
700 1766 862 1821 sodalitatis
882 1773 996 1823 sanctae
1014 1797 1048 1807 -
1096 1810 1101 1823 .
1139 1809 1145 1822 .
1182 1771 1237 1824 200
1255 1784 1296 1837 sq.

152 1856 258 1924 ltaliae,
277 1857 417 1926 postulata
436 1856 614 1924 quorumdam
632 1856 833 1924 Episcoporum
852 1885 886 1895 -
905 1854 1042 1910 Centralis
1095 1896 1101 1908 .
1138 1895 1145 1909 .
1183 1859 1236 1912 169
1256 1872 1316 1926 sqq.

152 1996 286 2066 Josepho,
298 1997 448 2065 postulata,
460 2004 491 2051 ut
510 2003 604 2051 sancto
617 2025 648 2036 —
662 1996 692 2049 in
710 2011 790 2050 sacra
802 1995 913 2065 liturgia
931 1994 1017 2050 debiti
1028 1996 1147 2052 honores

257 2086 438 2140 decernantur
479 2121 1143 2143 ................
1182 2088 1237 2139 214
1256 2100 1297 2154 sq.

148 2173 260 2240 -Judaei,
287 2172 471 2241 postulatum,
500 2179 531 2226 ut
559 2199 592 2208 -
617 2186 634 2224 a
658 2169 738 2224 Cone.
762 2170 851 2225 Vatic.
875 2170 911 2223 ad
936 2169 1146 2239 amplexandam

256 2259 418 2328 religionem
436 2259 614 2314 christianam
632 2258 781 2313 invitentur
830 2297 1141 2315 ........
1179 2263 1234 2314 264

148 2348 230 2403 Juris
251 2348 382 2417 canonici,
405 2347 576 2416 postulatum
600 2362 697 2401 novam
714 2346 900 2402 redactionem
918 2375 953 2386 -
973 2347 1146 2402 —attinens
1183 2349 1238 2402 202
1257 2363 1298 2416 sq.

151 2504 341 2576 Kafdangian,
359 2504 479 2573 Jacobus
498 2533 532 2544 -
550 2504 683 2559 Notarius
703 2502 805 2573 sgnum
823 2503 976 2558 Ciliciensis
1008 2543 1015 2558 .
1051 2543 1057 2556 .
1094 2547 1105 2570 .,
1138 2545 1146 2564 .
1184 2509 1237 2560 112

152 2643 322 2700 Laurentius
341 2646 394 2714 Ep.
414 2644 583 2700 Salutiarum
612 2682 1145 2702 .............
1200 2647 1235 2699 78

152 2733 351 2788 Ledocbowslri
368 2733 536 2800 Miccislaus,
554 2731 684 2800 Archiep.
702 2731 784 2787 Gnes.
804 2737 832 2785 et
850 2730 914 2785 Pos.
961 2769 1144 2794 .....
1198 2734 1234 2808 60

57 2823 63 2831 ’
151 2821 331 2877 Lucionensis
345 2821 477 2889 Episcopi
497 2820 667 2888 postulatum
685 2819 721 2873 ad
738 2833 851 2887 parvam
869 2819 1013 2874 ecclesiam
1033 2819 1146 2888 (sectam

259 2903 487 2974 Steuenistarum)
506 2907 647 2975 pertinens
693 2945 1143 2964 ...........
1178 2909 1231 2964 259

365 2992 578 3050 Observationes
601 2994 715 3049 criticae
742 3008 825 3061 super
844 2993 950 3048 duobus
976 2994 1086 3062 scriptis
1111 2994 1147 3052 ad

470 3082 658 3148 quaestionem
677 3080 867 3135 dissidentium
885 3082 1075 3149 spectantibus
1097 3122 1103 3134 .
1140 3123 1147 3136 .
1183 3086 1236 3138 260
1254 3099 1314 3153 sqq.

148 3170 323 3226 acconensis
343 3171 458 3226 Carolus
476 3170 528 3238 Ep.
548 3200 582 3209 —
609 3210 1145 3229 .............
1183 3173 1234 3227 146

152 3257 258 3327 hynch,
275 3260 398 3315 Joannes
415 3258 469 3327 Ep.
487 3259 655 3314 Torontinus
658 3297 1145 3317 ............
1199 3261 1235 3339 ‚⁷⁸

152 3379 317 3450 laronitici,
326 3381 494 3449 postulatum
503 3382 695 3436 nonnullorum
707 3381 899 3449 episcoporum
907 3381 975 3435 ritus
989 3410 1019 3420 —
1034 3380 1146 3435 stritus

261 3468 396 3524 chaldaici
422 3469 458 3523 ad
484 3475 660 3537 praesentem
687 3469 794 3537 generis
820 3469 932 3523 humani
958 3468 1147 3522 tristissimam

248 3555 445 3612 ,conditionem
465 3563 593 3625 spectans
656 3593 1146 3614 ............
1184 3557 1257 3610 102.

153 3643 333 3699 Matrimonia
362 3645 461 3713 mixta,
489 3645 659 3713 postulatum
685 3644 817 3713 Episcopi
840 3643 1027 3712 Sangallensis
1054 3641 1089 3698 ad
1113 3671 1146 3680 -

258 3733 378 3787 attinens
434 3771 1145 3789 .................
1181 3733 1233 3785 203

364 3819 491 3875 Pericula
509 3835 601 3874 eorum
632 3858 1146 3876 .............
1182 3821 1236 3873 204

366 3906 475 3960 Genera
493 3907 641 3960 mixtorum
660 3906 859 3961 connubiorum
878 3945 1147 3964 .......
1185 3909 1238 3961 206
1256 3923 1297 3975 sq.

365 3994 498 4049 Remedia
516 3995 551 4048 ad
568 3994 719 4049 arcendum
736 3994 837 4048 malum
874 4034 1146 4052 .......
1183 3997 1236 4050 207

153 4080 362 4135 Mecbliniensis
381 4082 592 4151 Archiepiscopi
610 4083 781 4183 postulatum
800 4081 836 4136 ad
849 4082 1000 4136 doctrinam
1019 4081 1052 4137 de
1069 4082 1150 4138 Rom.

245 4166 340 4225 '.P0nt
390 4209 1146 4229 ..................
1201 4172 1234 4225 91
1255 4186 1296 4240 sq.

155 4252 365 4310 Mechliniensis
384 4257 592 4327 Archiepiscopi
619 4258 787 4326 postulatum
810 4258 845 4313 ad
865 4273 978 4327 parvam
1003 4257 1149 4314 ecclesiam

264 4341 382 4412 (sectam
401 4344 631 4415 Stevenistarum)
650 4352 778 4416 spectans
833 4385 1147 4404 ........
1182 4348 1236 4402 263
