2946 4942
614 343 653 389 ns
675 325 854 390 oscmnmn
1253 326 1314 388 ica

156 482 326 548 mationem
348 481 558 547 necessariam
579 498 659 560 esse,
682 480 836 561 valdeque
858 486 1034 561 urgentem.
1080 479 1252 560 Siquidem,
1275 477 1317 544 ob

155 576 220 636 tam
243 568 433 650 multiplices
461 585 636 650 gravesque
657 586 764 633 rerum
792 573 825 631 et
847 567 1009 632 societatis
1038 566 1194 631 humanae
1215 569 1317 630 muta·

156 657 272 733 tiones,
295 655 382 736 leges
404 655 595 737 permultae,
620 655 776 736 quaedam
799 654 941 733 inutiles,
966 653 1048 718 aliae
1070 653 1239 718 observatu
1261 652 1318 716 im·

156 742 323 826 possibiles
351 747 408 807 aut
436 741 656 823 difficillimae,
683 739 870 807 ’evaserunt
915 740 963 806 De
993 740 1164 805 innumeris
1192 756 1317 821 quoque

156 832 330 896 canonibus
352 830 523 912 ambigitur
549 834 657 894 utrum
685 828 840 894 hactenus
862 829 991 908 vigeant
1020 846 1129 893 necne.
1174 829 1316 907 Demum‚

156 936 214 1001 per
237 923 287 982 tot
309 916 506 982 saeculorum
533 918 700 981 decursum
728 918 774 980 ita
796 917 934 980 excrevit
959 916 1065 996 legum
1088 913 1335 980 ecclesiastica·

156 1023 228 1070 rum
250 1022 416 1084 numerus,
445 1009 478 1070 et
505 1003 593 1087 leges
615 1003 689 1069 illue
717 1005 750 1067 in
771 1003 950 1082 ingentibus
969 1004 1052 1085 juris
1082 1000 1319 1066 collectionibus
1354 1030 1357 1038 ·

157 1092 236 1157 adeo
262 1092 439 1169 cumulatae
462 1097 546 1170 sunt,
572 1097 608 1155 ut
631 1090 735 1172 aliquo
759 1107 855 1155 sensu
878 1090 982 1155 dicere
1003 1106 1185 1170 possemus:
1210 1088 1319 1153 obrui-

157 1199 230 1244 mur
252 1179 383 1259 leuibus.
427 1178 511 1244 Hine
533 1177 570 1243 fit
591 1183 628 1242 ut
648 1178 785 1242 studium
805 1177 886 1259 juris
910 1177 1054 1241 canonici
1069 1174 1199 1240 infinitis
1222 1193 1321 1257 prope

159 1271 191 1332 et
217 1265 489 1330 inextricabilibus
521 1264 758 1330 difficultatibus
799 1264 993 1345 implicatum
1032 1262 1252 1328 controversiis
1282 1279 1321 1328 sc

158 1352 359 1434 processibus
374 1353 549 1418 latissimus
568 1354 656 1418 locus
671 1355 800 1435 pateat;
824 1356 857 1415 et
878 1350 1091 1417 conscientiae
1104 1348 1191 1414 mille
1214 1349 1321 1414 anme-

159 1441 279 1506 tatlbus
302 1445 470 1521 angantur,
494 1440 582 1504 etin
604 1444 818 1520 contemptum
841 1438 947 1519 legum
968 1437 1182 1520 impellantur.

266 1525 439 1591 Concilium
460 1527 559 1609 igitur
581 1527 622 1590 ad
644 1527 765 1608 grande
788 1526 848 1591 hoc
877 1532 909 1591 et
931 1525 1144 1590 necessarium
1171 1539 1251 1605 opus
1272 1540 1321 1587 rs-

156 1609 355 1679 iormationis
367 1613 449 1693 juris
472 1614 611 1680 canonici
633 1614 799 1680 attendere
814 1613 941 1679 omnino
956 1613 1130 1693 optandum
1152 1615 1214 1688 est3
1237 1608 1322 1691 quod

159 1703 195 1766 ut
217 1702 441 1766 convenienter
462 1699 532 1766 fiat:

269 1795 300 1852 1⁰
323 1786 494 1853 Concilium
512 1807 570 1870 per
591 1805 626 1852 se
640 1787 745 1868 ipsum
767 1788 954 1852 decerneret
968 1786 1154 1867 praecipuos
1172 1789 1206 1850 et
1220 1783 1322 1866 magis

159 1880 311 1957 urgentes
333 1874 567 1940 reformationis
590 1875 751 1951 articulos,
780 1873 935 1954 simulque
957 1873 1113 1938 indicaret
1133 1890 1196 1954 qua
1217 1873 1324 1937 ments

158 1965 192 2047 et
214 1979 352 2042 quonam
374 1963 514 2044 generali
538 1968 693 2043 conceptu
715 1960 897 2026 reformatio
916 1960 998 2044 juris
1020 1960 1132 2042 peragi
1154 1958 1278 2025 debeat.

268 2054 301 2112 2ο
321 2051 549 2115 institueretur
564 2047 776 2130 congregatio
792 2048 898 2128 aliqua
912 2046 1057 2128 specialis
1073 2047 1324 2112 doctissimorum

158 2135 381 2218 theologorum
403 2146 437 2201 et
452 2138 694 2212 canonistarum,
718 2135 868 2199 simulet
889 2135 1029 2199 virorum
1050 2134 1185 2200 maxime
1207 2131 1324 2214 practi-

159 2241 283 2304 carum,
309 2227 342 2288 et
364 2242 403 2288 ex
424 2224 570 2288 omnibus
591 2231 823 2303 assumptorum
846 2222 1043 2301 nationibus,
1065 2222 1120 2302 qui
1142 2221 1325 2285 universnm

154 2311 208 2393 ius
231 2311 417 2375 canonicum
439 2311 653 2376 attentissima
675 2311 831 2374 revisione
850 2309 1104 2388 introspicerem,
1129 2314 1172 2387 et,
1195 2306 1324 2388 rejectis

155 2416 240 2480 quae
263 2397 445 2478 rejicienda,
467 2397 653 2462 modificatis
676 2415 757 2477 quae
779 2393 996 2473 modificando,
1022 2395 1141 2460 additis
1163 2412 1246 2475 quae
1269 2394 1325 2459 ad·

156 2484 268 2551 denda
288 2485 481 2564 viderentur,
509 2503 625 2549 novum
647 2482 770 2565 Corpus
789 2483 871 2566 juris
894 2480 1092 2563 conficerent,
1119 2482 1204 2563 quod
1225 2480 1326 2546 statui

154 2572 322 2654 praesenti
344 2571 508 2637 Ecclesiae
529 2573 636 2652 aptius
658 2571 943 2650 accommodatum,
966 2570 1145 2650 titulisque,
1169 2568 1325 2650 capitibus

152 2665 192 2726 et
215 2658 360 2725 articulis
379 2661 472 2742 juxta
495 2660 700 2724 materiarum
724 2658 867 2723 ordinem
890 2658 1064 2739 digestum,
1088 2656 1162 2721 huic
1184 2653 1325 2722 Concilio

152 2748 374 2826 oecumenico,
397 2746 449 2811 vel
470 2745 565 2810 alteri
587 2746 727 2826 proxime
749 2744 966 2824 convocando,
988 2744 1230 2810 examinandum
1251 2760 1327 2808 san·

153 2834 370 2914 ciendumque
392 2838 631 2916 proponeretur.
649 2835 677 2916 ¹)

156 3091 213 3158 Dc
240 3094 399 3169 censuris,
432 3094 629 3173 praesuma
656 3094 841 3172 reservans,
876 3094 921 3159 ud
943 3093 1131 3175 pomerum
1158 3109 1328 3157 moserano

648 3198 846 3263 reducendis.

268 3369 386 3436 Sedulo
409 3372 546 3435 examini
568 3370 791 3451 subjiciantur,
812 3375 847 3436 et
868 3371 990 3435 utinam
1012 3389 1070 3452 pro
1098 3387 1215 3450 magona
1234 3373 1328 3451 parte

148 3458 351 3524 tollerentur
366 3475 519 3522 censurae
538 3477 558 3523 a
575 3459 658 3541 jure,
672 3495 710 3505 —
726 3459 1072 3537 excommunicationes,
1095 3457 1327 3536 suspensiones,

149 3544 349 3624 interdicta,
380 3582 420 3590 -
448 3547 585 3610 maxime
615 3563 692 3610 vero
720 3564 801 3625 quae
830 3547 903 3626 ipso
930 3545 1018 3624 suctu
1044 3547 1262 3623 incurruntur,
1293 3548 1329 3610 et

150 3651 245 3714 quae
275 3637 350 3696 sunt
381 3631 413 3697 S.
438 3630 580 3698 Pontifici
608 3640 792 3698 reservatae
824 3633 930 3716 (salvo
960 3638 1065 3696 mmen
1097 3632 1129 3698 S.
1164 3629 1327 3697 Pontinus

132 3718 279 3801 judicio
302 3725 337 3785 et
354 3720 452 3803 jure).
486 3721 609 3784 Harum
624 3721 740 3802 quippe
762 3738 913 3785 numerus
930 3720 978 3784 ita
999 3720 1147 3799 excrevit,
1171 3718 1213 3783 sd
1235 3717 1328 3800 plura

274 3979 294 4048 ¹)
312 3981 425 4047 Aliquid
443 3981 532 4035 simile
550 3982 577 4035 in
596 3979 700 4037 eoncil.
717 3979 793 4033 'l'rid
811 3981 982 4047 postulatum
1000 3979 1149 4046 reperitur:

271 4050 455 4118 ,Deligantur
477 4052 530 4104 hoc
554 4052 583 4104 in
606 4065 685 4103 sacro
705 4049 827 4104 concilio
846 4051 898 4105 viri
923 4050 1041 4104 scicntia
1062 4056 1090 4103 et
1108 4046 1247 4114 probitate
1265 4062 1328 4102 con·

160 4122 266 4189 spioni,
290 4122 336 4186 qui
353 4122 567 4176 constitutiones
586 4135 680 4173 omnes
698 4119 864 4187 canonicas,
888 4119 996 4187 peccati
1014 4118 1143 4186 capitalis
1161 4123 1269 4171 reatum
1288 4118 1329 4171 in·

161 4190 297 4245 ducentes
316 4192 461 4244 excutiant
478 4190 625 4258 diligenter
647 4197 677 4243 et
694 4198 853 4259 exponant,
871 4189 1037 4254 videantque
1055 4204 1121 4242 num
1142 4188 1178 4242 ab
1195 4187 1329 4255 ejusmodi

158 4266 243 4314 reatu
261 4276 406 4328 poenaque
425 4261 560 4328 quaedam
579 4275 672 4314 earnm
690 4260 850 4326 eximenda,
868 4259 967 4326 quidve
983 4260 1058 4313 circa
1075 4259 1145 4314 haec
1162 4259 1254 4314 omnia
1271 4267 1329 4313 sta·

159 4331 298 4386 >tuendum
315 4331 404 4386 fuerit
420 4340 450 4386 et
467 4330 667 4387 observandum
684 4338 783 4398 aperte
800 4328 966 4386 occurens!
993 4328 1109 4398 (Pantul.
1126 4329 1212 4399 Regio
1229 4325 1329 4396 liunt)
