<?xml version="1.0" encoding="UTF-8"?>
<!DOCTYPE html PUBLIC "-//W3C//DTD XHTML 1.0 Transitional//EN"
    "http://www.w3.org/TR/xhtml1/DTD/xhtml1-transitional.dtd">
<html xmlns="http://www.w3.org/1999/xhtml" xml:lang="en" lang="en">
 <head>
  <title>
</title>
<meta http-equiv="Content-Type" content="text/html;charset=utf-8" />
  <meta name='ocr-system' content='tesseract 3.04.00' />
  <meta name='ocr-capabilities' content='ocr_page ocr_carea ocr_par ocr_line ocrx_word'/>
</head>
<body>
  <div class='ocr_page' id='page_1' title='image "./omniumconciliiv01martgoog_0187.png"; bbox 0 0 2946 4942; ppageno 0'>
   <div class='ocr_carea' id='block_1_1' title="bbox 158 309 817 371">
    <p class='ocr_par' dir='ltr' id='par_1_1' title="bbox 158 309 817 371">
     <span class='ocr_line' id='line_1_1' title="bbox 158 309 817 371; baseline -0.003 -2"><span class='ocrx_word' id='word_1_1' title='bbox 158 309 219 371; x_wconf 82' lang='lat'><strong>182</strong></span> <span class='ocrx_word' id='word_1_2' title='bbox 648 320 817 369; x_wconf 73' lang='lat' dir='ltr'><strong>cossuram</strong></span> 
     </span>
    </p>
   </div>
   <div class='ocr_carea' id='block_1_2' title="bbox 102 460 1318 1239">
    <p class='ocr_par' dir='ltr' id='par_1_2' title="bbox 152 460 1317 892">
     <span class='ocr_line' id='line_1_2' title="bbox 155 460 1316 544; baseline -0.003 -17"><span class='ocrx_word' id='word_1_3' title='bbox 155 467 308 544; x_wconf 82' lang='lat' dir='ltr'><strong>parantur</strong></span> <span class='ocrx_word' id='word_1_4' title='bbox 339 467 371 524; x_wconf 93' lang='lat' dir='ltr'><strong>et</strong></span> <span class='ocrx_word' id='word_1_5' title='bbox 403 460 487 541; x_wconf 89' lang='lat' dir='ltr'><strong>Deo,</strong></span> <span class='ocrx_word' id='word_1_6' title='bbox 521 466 557 523; x_wconf 90' lang='lat' dir='ltr'><strong>ut</strong></span> <span class='ocrx_word' id='word_1_7' title='bbox 591 479 767 541; x_wconf 88' lang='lat' dir='ltr'><strong>speramus,</strong></span> <span class='ocrx_word' id='word_1_8' title='bbox 803 466 877 525; x_wconf 87' lang='lat' dir='ltr'><strong>sunt</strong></span> <span class='ocrx_word' id='word_1_9' title='bbox 911 461 1127 542; x_wconf 83' lang='lat' dir='ltr'><strong>gratissimae,</strong></span> <span class='ocrx_word' id='word_1_10' title='bbox 1152 460 1316 526; x_wconf 80' lang='lat' dir='ltr'>Ecclesiae</span> 
     </span>
     <span class='ocr_line' id='line_1_3' title="bbox 155 545 1317 629; baseline 0 -17"><span class='ocrx_word' id='word_1_11' title='bbox 155 554 263 614; x_wconf 89' lang='lat' dir='ltr'><strong>autem</strong></span> <span class='ocrx_word' id='word_1_12' title='bbox 286 547 480 612; x_wconf 83' lang='lat' dir='ltr'><strong>utilissimae.</strong></span> <span class='ocrx_word' id='word_1_13' title='bbox 530 546 652 612; x_wconf 88' lang='lat' dir='ltr'><strong>Passim</strong></span> <span class='ocrx_word' id='word_1_14' title='bbox 685 552 838 628; x_wconf 88' lang='lat' dir='ltr'><strong>reguntur</strong></span> <span class='ocrx_word' id='word_1_15' title='bbox 857 549 948 629; x_wconf 84' lang='lat' dir='ltr'><strong>juxta</strong></span> <span class='ocrx_word' id='word_1_16' title='bbox 976 548 1122 628; x_wconf 90' lang='lat' dir='ltr'><strong>spiritum</strong></span> <span class='ocrx_word' id='word_1_17' title='bbox 1149 566 1191 612; x_wconf 92' lang='lat' dir='ltr'><strong>ss.</strong></span> <span class='ocrx_word' id='word_1_18' title='bbox 1215 545 1317 612; x_wconf 91' lang='lat' dir='ltr'><strong>Cano·</strong></span> 
     </span>
     <span class='ocr_line' id='line_1_4' title="bbox 155 634 1317 717; baseline -0.001 -17"><span class='ocrx_word' id='word_1_19' title='bbox 155 654 231 700; x_wconf 92' lang='lat' dir='ltr'><strong>num</strong></span> <span class='ocrx_word' id='word_1_20' title='bbox 254 636 284 699; x_wconf 91' lang='lat' dir='ltr'><strong>in</strong></span> <span class='ocrx_word' id='word_1_21' title='bbox 308 634 370 698; x_wconf 89' lang='lat' dir='ltr'><strong>illis</strong></span> <span class='ocrx_word' id='word_1_22' title='bbox 393 653 474 715; x_wconf 89' lang='lat' dir='ltr'><strong>quae</strong></span> <span class='ocrx_word' id='word_1_23' title='bbox 497 640 643 715; x_wconf 88' lang='lat' dir='ltr'><strong>spectant</strong></span> <span class='ocrx_word' id='word_1_24' title='bbox 665 634 706 699; x_wconf 89' lang='lat' dir='ltr'><strong>ad</strong></span> <span class='ocrx_word' id='word_1_25' title='bbox 722 635 919 712; x_wconf 89' lang='lat' dir='ltr'><strong>novitiatum,</strong></span> <span class='ocrx_word' id='word_1_26' title='bbox 944 636 1178 716; x_wconf 81' lang='lat' dir='ltr'><strong>separationem</strong></span> <span class='ocrx_word' id='word_1_27' title='bbox 1203 655 1222 699; x_wconf 91' lang='lat' dir='ltr'><strong>a</strong></span> <span class='ocrx_word' id='word_1_28' title='bbox 1246 653 1317 717; x_wconf 90' lang='lat' dir='ltr'><strong>pro·</strong></span> 
     </span>
     <span class='ocr_line' id='line_1_5' title="bbox 156 720 1316 804; baseline 0 -18"><span class='ocrx_word' id='word_1_29' title='bbox 156 721 246 801; x_wconf 89' lang='lat' dir='ltr'><strong>fanis,</strong></span> <span class='ocrx_word' id='word_1_30' title='bbox 272 722 417 803; x_wconf 89' lang='lat' dir='ltr'><strong>spiritum</strong></span> <span class='ocrx_word' id='word_1_31' title='bbox 451 723 651 804; x_wconf 80' lang='lat' dir='ltr'><strong>paupertatis</strong></span> <span class='ocrx_word' id='word_1_32' title='bbox 676 729 736 787; x_wconf 88' lang='lat' dir='ltr'><strong>etc.</strong></span> <span class='ocrx_word' id='word_1_33' title='bbox 788 720 852 785; x_wconf 89' lang='lat' dir='ltr'><strong>Sed</strong></span> <span class='ocrx_word' id='word_1_34' title='bbox 873 721 944 786; x_wconf 87' lang='lat' dir='ltr'><strong>illas</strong></span> <span class='ocrx_word' id='word_1_35' title='bbox 971 723 1123 788; x_wconf 85' lang='lat' dir='ltr'><strong>reducere</strong></span> <span class='ocrx_word' id='word_1_36' title='bbox 1145 723 1187 786; x_wconf 90' lang='lat' dir='ltr'><strong>ad</strong></span> <span class='ocrx_word' id='word_1_37' title='bbox 1210 723 1316 802; x_wconf 89' lang='lat' dir='ltr'><strong>apices</strong></span> 
     </span>
     <span class='ocr_line' id='line_1_6' title="bbox 152 807 1251 892; baseline 0 -20"><span class='ocrx_word' id='word_1_38' title='bbox 152 811 234 892; x_wconf 86' lang='lat' dir='ltr'><strong>juris</strong></span> <span class='ocrx_word' id='word_1_39' title='bbox 257 818 289 875; x_wconf 91' lang='lat' dir='ltr'><strong>et</strong></span> <span class='ocrx_word' id='word_1_40' title='bbox 311 809 497 874; x_wconf 87' lang='lat' dir='ltr'><strong>submittere</strong></span> <span class='ocrx_word' id='word_1_41' title='bbox 521 807 767 890; x_wconf 73' lang='lat' dir='ltr'><strong>congregationi</strong></span> <span class='ocrx_word' id='word_1_42' title='bbox 789 808 952 874; x_wconf 86' lang='lat' dir='ltr'><strong>Romanae</strong></span> <span class='ocrx_word' id='word_1_43' title='bbox 974 816 1024 874; x_wconf 93' lang='lat' dir='ltr'><strong>est</strong></span> <span class='ocrx_word' id='word_1_44' title='bbox 1046 809 1251 890; x_wconf 90' lang='lat' dir='ltr'><strong>impossibile.</strong></span> 
     </span>
    </p>

    <p class='ocr_par' dir='ltr' id='par_1_3' title="bbox 102 896 1318 1239">
     <span class='ocr_line' id='line_1_7' title="bbox 261 896 1317 978; baseline 0 -17"><span class='ocrx_word' id='word_1_45' title='bbox 261 896 446 962; x_wconf 88' lang='lat' dir='ltr'><strong>Postulatur</strong></span> <span class='ocrx_word' id='word_1_46' title='bbox 473 898 593 977; x_wconf 87' lang='lat' dir='ltr'><strong>itaque:</strong></span> <span class='ocrx_word' id='word_1_47' title='bbox 631 903 666 961; x_wconf 91' lang='lat' dir='ltr'><strong>ut</strong></span> <span class='ocrx_word' id='word_1_48' title='bbox 687 896 858 960; x_wconf 87' lang='lat' dir='ltr'><strong>auctoritas</strong></span> <span class='ocrx_word' id='word_1_49' title='bbox 890 897 1038 978; x_wconf 84' lang='lat' dir='ltr'><strong>Episcopi</strong></span> <span class='ocrx_word' id='word_1_50' title='bbox 1069 899 1111 962; x_wconf 91' lang='lat' dir='ltr'><strong>sit</strong></span> <span class='ocrx_word' id='word_1_51' title='bbox 1132 902 1165 961; x_wconf 89' lang='lat' dir='ltr'><strong>et</strong></span> <span class='ocrx_word' id='word_1_52' title='bbox 1189 903 1317 961; x_wconf 85' lang='lat' dir='ltr'><strong>maneat</strong></span> 
     </span>
     <span class='ocr_line' id='line_1_8' title="bbox 102 983 1316 1065; baseline -0.002 -17"><span class='ocrx_word' id='word_1_53' title='bbox 102 985 106 990; x_wconf 78' lang='grc'><strong>”</strong></span> <span class='ocrx_word' id='word_1_54' title='bbox 155 985 188 1048; x_wconf 92' lang='lat' dir='ltr'><strong>in</strong></span> <span class='ocrx_word' id='word_1_55' title='bbox 211 985 315 1049; x_wconf 88' lang='lat' dir='ltr'><strong>omnia</strong></span> <span class='ocrx_word' id='word_1_56' title='bbox 337 985 529 1048; x_wconf 88' lang='lat' dir='ltr'><strong>monasteria</strong></span> <span class='ocrx_word' id='word_1_57' title='bbox 543 983 691 1048; x_wconf 88' lang='lat' dir='ltr'><strong>Fratrum</strong></span> <span class='ocrx_word' id='word_1_58' title='bbox 713 983 867 1048; x_wconf 88' lang='lat' dir='ltr'><strong>laicorum</strong></span> <span class='ocrx_word' id='word_1_59' title='bbox 892 989 924 1047; x_wconf 89' lang='lat' dir='ltr'><strong>et</strong></span> <span class='ocrx_word' id='word_1_60' title='bbox 938 983 1097 1062; x_wconf 89' lang='lat' dir='ltr'><strong>Sororum,</strong></span> <span class='ocrx_word' id='word_1_61' title='bbox 1122 985 1168 1048; x_wconf 88' lang='lat' dir='ltr'><strong>ita</strong></span> <span class='ocrx_word' id='word_1_62' title='bbox 1189 984 1316 1065; x_wconf 88' lang='lat' dir='ltr'><strong>quidem</strong></span> 
     </span>
     <span class='ocr_line' id='line_1_9' title="bbox 156 1070 1318 1154; baseline -0.003 -18"><span class='ocrx_word' id='word_1_63' title='bbox 156 1079 192 1137; x_wconf 96' lang='lat' dir='ltr'><strong>ut</strong></span> <span class='ocrx_word' id='word_1_64' title='bbox 214 1072 256 1135; x_wconf 85' lang='lat' dir='ltr'><strong>ed</strong></span> <span class='ocrx_word' id='word_1_65' title='bbox 289 1070 480 1154; x_wconf 83' lang='lat' dir='ltr'><strong>Episcopum</strong></span> <span class='ocrx_word' id='word_1_66' title='bbox 509 1076 692 1136; x_wconf 88' lang='lat' dir='ltr'><strong>recurratur</strong></span> <span class='ocrx_word' id='word_1_67' title='bbox 724 1089 782 1154; x_wconf 92' lang='lat' dir='ltr'><strong>pro</strong></span> <span class='ocrx_word' id='word_1_68' title='bbox 812 1071 897 1135; x_wconf 93' lang='lat' dir='ltr'><strong>omni</strong></span> <span class='ocrx_word' id='word_1_69' title='bbox 919 1071 1192 1136; x_wconf 87' lang='lat' dir='ltr'><strong>administratione</strong></span> <span class='ocrx_word' id='word_1_70' title='bbox 1228 1071 1318 1152; x_wconf 89' lang='lat' dir='ltr'><strong>spiri·</strong></span> 
     </span>
     <span class='ocr_line' id='line_1_10' title="bbox 155 1158 488 1239; baseline 0.006 -17"><span class='ocrx_word' id='word_1_71' title='bbox 155 1158 236 1222; x_wconf 85' lang='lat' dir='ltr'><strong>tuali</strong></span> <span class='ocrx_word' id='word_1_72' title='bbox 259 1164 291 1224; x_wconf 91' lang='lat' dir='ltr'><strong>et</strong></span> <span class='ocrx_word' id='word_1_73' title='bbox 312 1158 488 1239; x_wconf 90' lang='lat' dir='ltr'><strong>temporali.</strong></span> 
     </span>
    </p>
   </div>
   <div class='ocr_carea' id='block_1_3' title="bbox 532 1332 938 1552">
    <p class='ocr_par' dir='ltr' id='par_1_4' title="bbox 532 1332 938 1552">
     <span class='ocr_line' id='line_1_11' title="bbox 706 1332 760 1398; baseline 0.037 -3"><span class='ocrx_word' id='word_1_74' title='bbox 706 1332 760 1398; x_wconf 84' lang='lat' dir='ltr'><strong>Vl.</strong></span> 
     </span>
     <span class='ocr_line' id='line_1_12' title="bbox 532 1471 938 1552; baseline 0 -16"><span class='ocrx_word' id='word_1_75' title='bbox 532 1471 584 1536; x_wconf 87' lang='lat' dir='ltr'><strong>De</strong></span> <span class='ocrx_word' id='word_1_76' title='bbox 608 1471 769 1537; x_wconf 79' lang='lat' dir='ltr'><strong>Oratoriis</strong></span> <span class='ocrx_word' id='word_1_77' title='bbox 785 1472 938 1552; x_wconf 77' lang='lat' dir='ltr'><strong>priuatis,</strong></span> 
     </span>
    </p>
   </div>
   <div class='ocr_carea' id='block_1_4' title="bbox 136 1609 1320 2217">
    <p class='ocr_par' dir='ltr' id='par_1_5' title="bbox 157 1609 1320 1953">
     <span class='ocr_line' id='line_1_13' title="bbox 263 1609 1319 1692; baseline -0.003 -17"><span class='ocrx_word' id='word_1_78' title='bbox 263 1611 447 1677; x_wconf 89' lang='lat' dir='ltr'><strong>Postulatur</strong></span> <span class='ocrx_word' id='word_1_79' title='bbox 480 1619 516 1676; x_wconf 91' lang='lat' dir='ltr'><strong>ut</strong></span> <span class='ocrx_word' id='word_1_80' title='bbox 546 1610 719 1676; x_wconf 82' lang='lat' dir='ltr'><strong>Concilium</strong></span> <span class='ocrx_word' id='word_1_81' title='bbox 751 1616 943 1692; x_wconf 89' lang='lat' dir='ltr'><strong>potestatem</strong></span> <span class='ocrx_word' id='word_1_82' title='bbox 972 1609 1067 1675; x_wconf 89' lang='lat' dir='ltr'><strong>faciat</strong></span> <span class='ocrx_word' id='word_1_83' title='bbox 1090 1611 1235 1675; x_wconf 89' lang='lat' dir='ltr'><strong>omnibus</strong></span> <span class='ocrx_word' id='word_1_84' title='bbox 1260 1609 1319 1674; x_wconf 92' lang='lat' dir='ltr'><strong>Or-</strong></span> 
     </span>
     <span class='ocr_line' id='line_1_14' title="bbox 157 1697 1318 1780; baseline -0.001 -19"><span class='ocrx_word' id='word_1_85' title='bbox 157 1698 298 1779; x_wconf 88' lang='lat' dir='ltr'><strong>dinariis,</strong></span> <span class='ocrx_word' id='word_1_86' title='bbox 322 1700 512 1764; x_wconf 90' lang='lat' dir='ltr'><strong>concedendi</strong></span> <span class='ocrx_word' id='word_1_87' title='bbox 543 1697 674 1780; x_wconf 86' lang='lat' dir='ltr'><strong>priuatis</strong></span> <span class='ocrx_word' id='word_1_88' title='bbox 696 1699 881 1778; x_wconf 87' lang='lat' dir='ltr'><strong>quibusdam</strong></span> <span class='ocrx_word' id='word_1_89' title='bbox 904 1699 1063 1778; x_wconf 92' lang='lat' dir='ltr'><strong>personis,</strong></span> <span class='ocrx_word' id='word_1_90' title='bbox 1096 1716 1175 1778; x_wconf 87' lang='lat' dir='ltr'><strong>quas</strong></span> <span class='ocrx_word' id='word_1_91' title='bbox 1199 1697 1263 1777; x_wconf 91' lang='lat' dir='ltr'><strong>ipsi</strong></span> <span class='ocrx_word' id='word_1_92' title='bbox 1286 1698 1318 1760; x_wconf 93' lang='lat' dir='ltr'><strong>in</strong></span> 
     </span>
     <span class='ocr_line' id='line_1_15' title="bbox 158 1786 1320 1868; baseline -0.003 -18"><span class='ocrx_word' id='word_1_93' title='bbox 158 1786 290 1851; x_wconf 90' lang='lat' dir='ltr'><strong>Domino</strong></span> <span class='ocrx_word' id='word_1_94' title='bbox 315 1788 425 1868; x_wconf 89' lang='lat' dir='ltr'><strong>dignas</strong></span> <span class='ocrx_word' id='word_1_95' title='bbox 444 1786 669 1867; x_wconf 85' lang='lat' dir='ltr'><strong>judicaverint,</strong></span> <span class='ocrx_word' id='word_1_96' title='bbox 703 1787 875 1850; x_wconf 89' lang='lat' dir='ltr'><strong>oratorium</strong></span> <span class='ocrx_word' id='word_1_97' title='bbox 898 1786 1104 1850; x_wconf 91' lang='lat' dir='ltr'><strong>domesticum</strong></span> <span class='ocrx_word' id='word_1_98' title='bbox 1125 1786 1158 1847; x_wconf 97' lang='lat' dir='ltr'><strong>in</strong></span> <span class='ocrx_word' id='word_1_99' title='bbox 1181 1801 1245 1864; x_wconf 89' lang='lat' dir='ltr'><strong>quo</strong></span> <span class='ocrx_word' id='word_1_100' title='bbox 1270 1802 1320 1848; x_wconf 88' lang='lat' dir='ltr'><strong>se·</strong></span> 
     </span>
     <span class='ocr_line' id='line_1_16' title="bbox 158 1871 1320 1953; baseline -0.003 -16"><span class='ocrx_word' id='word_1_101' title='bbox 158 1881 356 1938; x_wconf 89' lang='lat' dir='ltr'><strong>crosanctum</strong></span> <span class='ocrx_word' id='word_1_102' title='bbox 378 1875 495 1939; x_wconf 89' lang='lat' dir='ltr'><strong>Missae</strong></span> <span class='ocrx_word' id='word_1_103' title='bbox 517 1872 711 1939; x_wconf 90' lang='lat' dir='ltr'><strong>Sacrificium</strong></span> <span class='ocrx_word' id='word_1_104' title='bbox 744 1872 895 1938; x_wconf 90' lang='lat' dir='ltr'><strong>celebrari</strong></span> <span class='ocrx_word' id='word_1_105' title='bbox 917 1874 1032 1953; x_wconf 72' lang='lat' dir='ltr'><strong>possit,</strong></span> <span class='ocrx_word' id='word_1_106' title='bbox 1067 1873 1138 1948; x_wconf 88' lang='lat' dir='ltr'><strong>imo,</strong></span> <span class='ocrx_word' id='word_1_107' title='bbox 1163 1871 1190 1934; x_wconf 92' lang='lat' dir='ltr'><strong>si</strong></span> <span class='ocrx_word' id='word_1_108' title='bbox 1212 1871 1320 1935; x_wconf 87' lang='lat' dir='ltr'><strong>adsint</strong></span> 
     </span>
    </p>

    <p class='ocr_par' dir='ltr' id='par_1_6' title="bbox 136 1958 1318 2217">
     <span class='ocr_line' id='line_1_17' title="bbox 136 1958 1317 2036; baseline -0.004 -12"><span class='ocrx_word' id='word_1_109' title='bbox 136 1962 295 2026; x_wconf 49' lang='lat' dir='ltr'><strong>¹nationes</strong></span> <span class='ocrx_word' id='word_1_110' title='bbox 319 1960 515 2027; x_wconf 86' lang='lat' dir='ltr'><strong>sufficientes.</strong></span> <span class='ocrx_word' id='word_1_111' title='bbox 546 1960 600 2026; x_wconf 86' lang='lat' dir='ltr'><strong>SS.</strong></span> <span class='ocrx_word' id='word_1_112' title='bbox 625 1959 826 2025; x_wconf 89' lang='lat' dir='ltr'><strong>Eucharistia</strong></span> <span class='ocrx_word' id='word_1_113' title='bbox 849 1965 1045 2036; x_wconf 68' lang='lat' dir='ltr'><strong>asservetur,</strong></span> <span class='ocrx_word' id='word_1_114' title='bbox 1080 1959 1137 2023; x_wconf 83' lang='lat' dir='ltr'><strong>sab</strong></span> <span class='ocrx_word' id='word_1_115' title='bbox 1161 1958 1317 2022; x_wconf 81' lang='lat' dir='ltr'><strong>coaditio-</strong></span> 
     </span>
     <span class='ocr_line' id='line_1_18' title="bbox 157 2045 1318 2126; baseline -0.003 -16"><span class='ocrx_word' id='word_1_116' title='bbox 157 2048 252 2112; x_wconf 82' lang='lat' dir='ltr'><strong>na&#39;bus</strong></span> <span class='ocrx_word' id='word_1_117' title='bbox 275 2054 381 2113; x_wconf 72' lang='lat' dir='ltr'><strong>tarraco</strong></span> <span class='ocrx_word' id='word_1_118' title='bbox 403 2049 450 2112; x_wconf 81' lang='lat' dir='ltr'><strong>oel</strong></span> <span class='ocrx_word' id='word_1_119' title='bbox 473 2070 493 2112; x_wconf 87' lang='lat' dir='ltr'><strong>a</strong></span> <span class='ocrx_word' id='word_1_120' title='bbox 511 2047 652 2114; x_wconf 77' lang='lat' dir='ltr'><strong>Concilio</strong></span> <span class='ocrx_word' id='word_1_121' title='bbox 674 2047 722 2112; x_wconf 84' lang='lat' dir='ltr'><strong>uel</strong></span> <span class='ocrx_word' id='word_1_122' title='bbox 745 2070 765 2111; x_wconf 87' lang='lat' dir='ltr'><strong>a</strong></span> <span class='ocrx_word' id='word_1_123' title='bbox 788 2046 821 2112; x_wconf 75' lang='lat' dir='ltr'><strong>S.</strong></span> <span class='ocrx_word' id='word_1_124' title='bbox 837 2046 916 2112; x_wconf 81' lang='lat' dir='ltr'><strong>Sede</strong></span> <span class='ocrx_word' id='word_1_125' title='bbox 933 2046 1204 2126; x_wconf 75' lang='lat' dir='ltr'><strong>praescribendis,</strong></span> <span class='ocrx_word' id='word_1_126' title='bbox 1230 2050 1261 2110; x_wconf 82' lang='lat' dir='ltr'><strong>et</strong></span> <span class='ocrx_word' id='word_1_127' title='bbox 1275 2045 1318 2108; x_wconf 84' lang='lat' dir='ltr'><strong>ool</strong></span> 
     </span>
     <span class='ocr_line' id='line_1_19' title="bbox 158 2135 786 2217; baseline 0.003 -18"><span class='ocrx_word' id='word_1_128' title='bbox 158 2155 240 2217; x_wconf 79' lang='lat' dir='ltr'><strong>qaas</strong></span> <span class='ocrx_word' id='word_1_129' title='bbox 263 2137 389 2200; x_wconf 77' lang='lat' dir='ltr'><strong>caroloco</strong></span> <span class='ocrx_word' id='word_1_130' title='bbox 413 2142 581 2201; x_wconf 77' lang='lat' dir='ltr'><strong>terreantur</strong></span> <span class='ocrx_word' id='word_1_131' title='bbox 605 2135 786 2201; x_wconf 77' lang='lat' dir='ltr'><strong>ordinarii.</strong></span> 
     </span>
    </p>
   </div>
   <div class='ocr_carea' id='block_1_5' title="bbox 705 2343 773 2411">
    <p class='ocr_par' dir='ltr' id='par_1_7' title="bbox 705 2343 773 2411">
     <span class='ocr_line' id='line_1_20' title="bbox 705 2343 773 2411; baseline 0.074 -5"><span class='ocrx_word' id='word_1_132' title='bbox 705 2343 773 2411; x_wconf 89' lang='lat' dir='ltr'><strong>Vll.</strong></span> 
     </span>
    </p>
   </div>
   <div class='ocr_carea' id='block_1_6' title="bbox 489 2454 982 2564">
    <p class='ocr_par' dir='ltr' id='par_1_8' title="bbox 489 2454 982 2564">
     <span class='ocr_line' id='line_1_21' title="bbox 489 2454 982 2564; baseline -0.002 -16"><span class='ocrx_word' id='word_1_133' title='bbox 489 2482 539 2549; x_wconf 74' lang='lat' dir='ltr'><strong>ne</strong></span> <span class='ocrx_word' id='word_1_134' title='bbox 561 2482 733 2547; x_wconf 65' lang='lat' dir='ltr'><strong>nucarum</strong></span> <span class='ocrx_word' id='word_1_135' title='bbox 749 2454 982 2564; x_wconf 58' lang='lat' dir='ltr'><strong>prioreparte.</strong></span> 
     </span>
    </p>
   </div>
   <div class='ocr_carea' id='block_1_7' title="bbox 158 2619 1319 3491">
    <p class='ocr_par' dir='ltr' id='par_1_9' title="bbox 158 2619 1319 3491">
     <span class='ocr_line' id='line_1_22' title="bbox 265 2619 1318 2702; baseline -0.004 -15"><span class='ocrx_word' id='word_1_136' title='bbox 265 2621 414 2689; x_wconf 87' lang='lat' dir='ltr'><strong>Obtiueat</strong></span> <span class='ocrx_word' id='word_1_137' title='bbox 430 2621 603 2687; x_wconf 80' lang='lat' dir='ltr'><strong>Concilium</strong></span> <span class='ocrx_word' id='word_1_138' title='bbox 627 2642 647 2688; x_wconf 90' lang='lat' dir='ltr'><strong>a</strong></span> <span class='ocrx_word' id='word_1_139' title='bbox 669 2622 700 2689; x_wconf 86' lang='lat' dir='ltr'><strong>S.</strong></span> <span class='ocrx_word' id='word_1_140' title='bbox 717 2621 807 2698; x_wconf 86' lang='lat' dir='ltr'><strong>Sede,</strong></span> <span class='ocrx_word' id='word_1_141' title='bbox 831 2623 870 2686; x_wconf 90' lang='lat' dir='ltr'><strong>ab</strong></span> <span class='ocrx_word' id='word_1_142' title='bbox 887 2620 1049 2702; x_wconf 90' lang='lat' dir='ltr'><strong>Episcopis</strong></span> <span class='ocrx_word' id='word_1_143' title='bbox 1073 2619 1203 2684; x_wconf 91' lang='lat' dir='ltr'><strong>concedi</strong></span> <span class='ocrx_word' id='word_1_144' title='bbox 1227 2637 1318 2701; x_wconf 92' lang='lat' dir='ltr'><strong>posse</strong></span> 
     </span>
     <span class='ocr_line' id='line_1_23' title="bbox 159 2705 1318 2793; baseline 0 -18"><span class='ocrx_word' id='word_1_145' title='bbox 159 2729 256 2775; x_wconf 92' lang='lat' dir='ltr'><strong>unum</strong></span> <span class='ocrx_word' id='word_1_146' title='bbox 285 2710 385 2776; x_wconf 88' lang='lat' dir='ltr'><strong>altare</strong></span> <span class='ocrx_word' id='word_1_147' title='bbox 408 2711 641 2793; x_wconf 89' lang='lat' dir='ltr'><strong>privilegiatum</strong></span> <span class='ocrx_word' id='word_1_148' title='bbox 674 2712 706 2775; x_wconf 92' lang='lat' dir='ltr'><strong>in</strong></span> <span class='ocrx_word' id='word_1_149' title='bbox 735 2709 875 2791; x_wconf 88' lang='lat' dir='ltr'><strong>qualibet</strong></span> <span class='ocrx_word' id='word_1_150' title='bbox 905 2727 943 2773; x_wconf 83' lang='lat' dir='ltr'><strong>ex</strong></span> <span class='ocrx_word' id='word_1_151' title='bbox 965 2710 1030 2772; x_wconf 88' lang='lat' dir='ltr'><strong>suis</strong></span> <span class='ocrx_word' id='word_1_152' title='bbox 1060 2706 1202 2772; x_wconf 90' lang='lat' dir='ltr'><strong>ecclesiis</strong></span> <span class='ocrx_word' id='word_1_153' title='bbox 1227 2705 1318 2775; x_wconf 79' lang='lat' dir='ltr'><strong>colle.</strong></span> 
     </span>
     <span class='ocr_line' id='line_1_24' title="bbox 159 2794 1317 2881; baseline -0.003 -19"><span class='ocrx_word' id='word_1_154' title='bbox 159 2799 253 2881; x_wconf 88' lang='lat' dir='ltr'><strong>giatis</strong></span> <span class='ocrx_word' id='word_1_155' title='bbox 285 2798 336 2863; x_wconf 90' lang='lat' dir='ltr'><strong>vel</strong></span> <span class='ocrx_word' id='word_1_156' title='bbox 367 2798 599 2878; x_wconf 82' lang='lat' dir='ltr'><strong>parochialibus</strong></span> <span class='ocrx_word' id='word_1_157' title='bbox 628 2804 660 2861; x_wconf 89' lang='lat' dir='ltr'><strong>et</strong></span> <span class='ocrx_word' id='word_1_158' title='bbox 686 2798 719 2861; x_wconf 93' lang='lat' dir='ltr'><strong>in</strong></span> <span class='ocrx_word' id='word_1_159' title='bbox 742 2797 883 2878; x_wconf 91' lang='lat' dir='ltr'><strong>quolibet</strong></span> <span class='ocrx_word' id='word_1_160' title='bbox 911 2815 948 2860; x_wconf 85' lang='lat' dir='ltr'><strong>ex</strong></span> <span class='ocrx_word' id='word_1_161' title='bbox 971 2795 1037 2860; x_wconf 90' lang='lat' dir='ltr'><strong>suis</strong></span> <span class='ocrx_word' id='word_1_162' title='bbox 1062 2794 1221 2860; x_wconf 89' lang='lat' dir='ltr'><strong>Oratoriis</strong></span> <span class='ocrx_word' id='word_1_163' title='bbox 1245 2813 1317 2859; x_wconf 86' lang='lat' dir='ltr'><strong>vere</strong></span> 
     </span>
     <span class='ocr_line' id='line_1_25' title="bbox 159 2881 1318 2966; baseline -0.003 -18"><span class='ocrx_word' id='word_1_164' title='bbox 159 2885 302 2966; x_wconf 76' lang='lat' dir='ltr'><strong>publicis</strong></span> <span class='ocrx_word' id='word_1_165' title='bbox 325 2885 420 2965; x_wconf 92' lang='lat' dir='ltr'><strong>idque</strong></span> <span class='ocrx_word' id='word_1_166' title='bbox 441 2884 493 2950; x_wconf 83' lang='lat' dir='ltr'><strong>vel</strong></span> <span class='ocrx_word' id='word_1_167' title='bbox 514 2885 750 2966; x_wconf 88' lang='lat' dir='ltr'><strong>inperpetuum</strong></span> <span class='ocrx_word' id='word_1_168' title='bbox 772 2884 823 2948; x_wconf 86' lang='lat' dir='ltr'><strong>vel</strong></span> <span class='ocrx_word' id='word_1_169' title='bbox 844 2884 887 2949; x_wconf 90' lang='lat' dir='ltr'><strong>ad</strong></span> <span class='ocrx_word' id='word_1_170' title='bbox 910 2890 1033 2963; x_wconf 90' lang='lat' dir='ltr'><strong>tempus</strong></span> <span class='ocrx_word' id='word_1_171' title='bbox 1057 2881 1239 2960; x_wconf 90' lang='lat' dir='ltr'><strong>limitatum,</strong></span> <span class='ocrx_word' id='word_1_172' title='bbox 1263 2882 1318 2945; x_wconf 88' lang='lat' dir='ltr'><strong>sed</strong></span> 
     </span>
     <span class='ocr_line' id='line_1_26' title="bbox 159 2970 1319 3053; baseline -0.005 -16"><span class='ocrx_word' id='word_1_173' title='bbox 159 2973 205 3037; x_wconf 89' lang='lat' dir='ltr'><strong>ita</strong></span> <span class='ocrx_word' id='word_1_174' title='bbox 227 2977 334 3037; x_wconf 88' lang='lat' dir='ltr'><strong>tamen</strong></span> <span class='ocrx_word' id='word_1_175' title='bbox 357 2977 393 3036; x_wconf 93' lang='lat' dir='ltr'><strong>nt</strong></span> <span class='ocrx_word' id='word_1_176' title='bbox 416 2991 454 3037; x_wconf 91' lang='lat' dir='ltr'><strong>ea</strong></span> <span class='ocrx_word' id='word_1_177' title='bbox 477 2973 637 3038; x_wconf 88' lang='lat' dir='ltr'><strong>concessio</strong></span> <span class='ocrx_word' id='word_1_178' title='bbox 661 2973 700 3037; x_wconf 90' lang='lat' dir='ltr'><strong>ab</strong></span> <span class='ocrx_word' id='word_1_179' title='bbox 724 2971 888 3053; x_wconf 88' lang='lat' dir='ltr'><strong>Episcopis</strong></span> <span class='ocrx_word' id='word_1_180' title='bbox 904 2971 1050 3035; x_wconf 90' lang='lat' dir='ltr'><strong>renovari</strong></span> <span class='ocrx_word' id='word_1_181' title='bbox 1072 2985 1197 3048; x_wconf 91' lang='lat' dir='ltr'><strong>semper</strong></span> <span class='ocrx_word' id='word_1_182' title='bbox 1220 2970 1319 3050; x_wconf 90' lang='lat' dir='ltr'><strong>possit</strong></span> 
     </span>
     <span class='ocr_line' id='line_1_27' title="bbox 159 3054 1317 3140; baseline -0.003 -16"><span class='ocrx_word' id='word_1_183' title='bbox 159 3060 234 3140; x_wconf 89' lang='lat' dir='ltr'><strong>quin</strong></span> <span class='ocrx_word' id='word_1_184' title='bbox 257 3061 298 3125; x_wconf 87' lang='lat' dir='ltr'><strong>ad</strong></span> <span class='ocrx_word' id='word_1_185' title='bbox 321 3059 351 3126; x_wconf 87' lang='lat' dir='ltr'><strong>S.</strong></span> <span class='ocrx_word' id='word_1_186' title='bbox 368 3058 481 3126; x_wconf 90' lang='lat' dir='ltr'><strong>Sedem</strong></span> <span class='ocrx_word' id='word_1_187' title='bbox 505 3078 669 3126; x_wconf 90' lang='lat' dir='ltr'><strong>recurrere</strong></span> <span class='ocrx_word' id='word_1_188' title='bbox 692 3066 872 3125; x_wconf 88' lang='lat' dir='ltr'><strong>teneantur.</strong></span> <span class='ocrx_word' id='word_1_189' title='bbox 907 3058 940 3123; x_wconf 86' lang='lat' dir='ltr'><strong>Si</strong></span> <span class='ocrx_word' id='word_1_190' title='bbox 963 3076 1037 3123; x_wconf 90' lang='lat' dir='ltr'><strong>vero</strong></span> <span class='ocrx_word' id='word_1_191' title='bbox 1062 3056 1092 3120; x_wconf 93' lang='lat' dir='ltr'><strong>S.</strong></span> <span class='ocrx_word' id='word_1_192' title='bbox 1116 3054 1214 3120; x_wconf 85' lang='lat' dir='ltr'><strong>Sedes</strong></span> <span class='ocrx_word' id='word_1_193' title='bbox 1237 3056 1317 3120; x_wconf 92' lang='lat' dir='ltr'><strong>hanc</strong></span> 
     </span>
     <span class='ocr_line' id='line_1_28' title="bbox 158 3143 1317 3223; baseline -0.005 -11"><span class='ocrx_word' id='word_1_194' title='bbox 158 3146 342 3213; x_wconf 77' lang='lat' dir='ltr'><strong>facultatem</strong></span> <span class='ocrx_word' id='word_1_195' title='bbox 372 3148 433 3213; x_wconf 92' lang='lat' dir='ltr'><strong>sibi</strong></span> <span class='ocrx_word' id='word_1_196' title='bbox 455 3165 616 3213; x_wconf 88' lang='lat' dir='ltr'><strong>reservare</strong></span> <span class='ocrx_word' id='word_1_197' title='bbox 639 3147 765 3212; x_wconf 92' lang='lat' dir='ltr'><strong>omuino</strong></span> <span class='ocrx_word' id='word_1_198' title='bbox 789 3147 882 3223; x_wconf 87' lang='lat' dir='ltr'><strong>velit,</strong></span> <span class='ocrx_word' id='word_1_199' title='bbox 917 3145 1059 3210; x_wconf 84' lang='lat' dir='ltr'><strong>obtineat</strong></span> <span class='ocrx_word' id='word_1_200' title='bbox 1082 3143 1259 3208; x_wconf 82' lang='lat' dir='ltr'><strong>Concilium</strong></span> <span class='ocrx_word' id='word_1_201' title='bbox 1282 3151 1317 3208; x_wconf 94' lang='lat' dir='ltr'><strong>ut</strong></span> 
     </span>
     <span class='ocr_line' id='line_1_29' title="bbox 159 3231 1319 3313; baseline -0.004 -15"><span class='ocrx_word' id='word_1_202' title='bbox 159 3234 192 3298; x_wconf 95' lang='lat' dir='ltr'><strong>in</strong></span> <span class='ocrx_word' id='word_1_203' title='bbox 214 3234 309 3298; x_wconf 85' lang='lat' dir='ltr'><strong>Brevi</strong></span> <span class='ocrx_word' id='word_1_204' title='bbox 338 3237 545 3301; x_wconf 86' lang='lat' dir='ltr'><strong>concessionis</strong></span> <span class='ocrx_word' id='word_1_205' title='bbox 569 3254 630 3299; x_wconf 92' lang='lat' dir='ltr'><strong>non</strong></span> <span class='ocrx_word' id='word_1_206' title='bbox 662 3242 828 3299; x_wconf 88' lang='lat' dir='ltr'><strong>occurrant</strong></span> <span class='ocrx_word' id='word_1_207' title='bbox 850 3232 1011 3298; x_wconf 87' lang='lat' dir='ltr'><strong>clausulae</strong></span> <span class='ocrx_word' id='word_1_208' title='bbox 1042 3237 1109 3295; x_wconf 90' lang='lat' dir='ltr'><strong>tam</strong></span> <span class='ocrx_word' id='word_1_209' title='bbox 1142 3231 1319 3313; x_wconf 81' lang='lat' dir='ltr'><strong>ambiguae,</strong></span> 
     </span>
     <span class='ocr_line' id='line_1_30' title="bbox 159 3317 1319 3404; baseline -0.003 -19"><span class='ocrx_word' id='word_1_210' title='bbox 159 3327 196 3386; x_wconf 91' lang='lat' dir='ltr'><strong>ut</strong></span> <span class='ocrx_word' id='word_1_211' title='bbox 219 3322 293 3387; x_wconf 91' lang='lat' dir='ltr'><strong>iude</strong></span> <span class='ocrx_word' id='word_1_212' title='bbox 324 3323 425 3388; x_wconf 88' lang='lat' dir='ltr'><strong>videri</strong></span> <span class='ocrx_word' id='word_1_213' title='bbox 455 3323 579 3404; x_wconf 90' lang='lat' dir='ltr'><strong>possint</strong></span> <span class='ocrx_word' id='word_1_214' title='bbox 610 3328 759 3387; x_wconf 87' lang='lat' dir='ltr'><strong>reuocata</strong></span> <span class='ocrx_word' id='word_1_215' title='bbox 786 3322 949 3402; x_wconf 88' lang='lat' dir='ltr'><strong>privilegia</strong></span> <span class='ocrx_word' id='word_1_216' title='bbox 980 3325 1074 3384; x_wconf 89' lang='lat' dir='ltr'><strong>antea</strong></span> <span class='ocrx_word' id='word_1_217' title='bbox 1096 3317 1169 3383; x_wconf 88' lang='lat' dir='ltr'><strong>licet</strong></span> <span class='ocrx_word' id='word_1_218' title='bbox 1192 3319 1226 3381; x_wconf 92' lang='lat' dir='ltr'><strong>in</strong></span> <span class='ocrx_word' id='word_1_219' title='bbox 1249 3336 1319 3401; x_wconf 87' lang='lat' dir='ltr'><strong>per·</strong></span> 
     </span>
     <span class='ocr_line' id='line_1_31' title="bbox 161 3414 474 3491; baseline 0 -17"><span class='ocrx_word' id='word_1_220' title='bbox 161 3414 293 3491; x_wconf 92' lang='lat' dir='ltr'><strong>petuum</strong></span> <span class='ocrx_word' id='word_1_221' title='bbox 316 3427 474 3476; x_wconf 87' lang='lat' dir='ltr'><strong>concessa.</strong></span> 
     </span>
    </p>
   </div>
   <div class='ocr_carea' id='block_1_8' title="bbox 694 3583 779 3650">
    <p class='ocr_par' dir='ltr' id='par_1_10' title="bbox 694 3583 779 3650">
     <span class='ocr_line' id='line_1_32' title="bbox 694 3583 779 3650; baseline 0.024 -3"><span class='ocrx_word' id='word_1_222' title='bbox 694 3583 779 3650; x_wconf 88' lang='lat' dir='ltr'><strong>VHI.</strong></span> 
     </span>
    </p>
   </div>
   <div class='ocr_carea' id='block_1_9' title="bbox 446 3721 1030 3805">
    <p class='ocr_par' dir='ltr' id='par_1_11' title="bbox 446 3721 1030 3805">
     <span class='ocr_line' id='line_1_33' title="bbox 446 3721 1030 3805; baseline -0.005 -17"><span class='ocrx_word' id='word_1_223' title='bbox 446 3724 497 3790; x_wconf 86' lang='lat' dir='ltr'><strong>De</strong></span> <span class='ocrx_word' id='word_1_224' title='bbox 517 3723 725 3805; x_wconf 73' lang='lat' dir='ltr'><strong>facoltatibus</strong></span> <span class='ocrx_word' id='word_1_225' title='bbox 748 3721 1030 3787; x_wconf 77' lang='lat' dir='ltr'><strong>eatroordo&#39;noro&#39;o&#39;s.</strong></span> 
     </span>
    </p>
   </div>
   <div class='ocr_carea' id='block_1_10' title="bbox 160 3858 1322 4384">
    <p class='ocr_par' dir='ltr' id='par_1_12' title="bbox 160 3858 1322 4384">
     <span class='ocr_line' id='line_1_34' title="bbox 269 3858 1319 3943; baseline -0.008 -13"><span class='ocrx_word' id='word_1_226' title='bbox 269 3871 296 3930; x_wconf 90' lang='lat' dir='ltr'><strong>l.</strong></span> <span class='ocrx_word' id='word_1_227' title='bbox 331 3864 513 3932; x_wconf 89' lang='lat' dir='ltr'><strong>Postulatur</strong></span> <span class='ocrx_word' id='word_1_228' title='bbox 537 3872 572 3928; x_wconf 91' lang='lat' dir='ltr'><strong>ut</strong></span> <span class='ocrx_word' id='word_1_229' title='bbox 593 3862 761 3928; x_wconf 88' lang='lat' dir='ltr'><strong>facultates</strong></span> <span class='ocrx_word' id='word_1_230' title='bbox 785 3880 865 3943; x_wconf 88' lang='lat' dir='ltr'><strong>quae</strong></span> <span class='ocrx_word' id='word_1_231' title='bbox 888 3861 1030 3942; x_wconf 91' lang='lat' dir='ltr'><strong>pluribus</strong></span> <span class='ocrx_word' id='word_1_232' title='bbox 1048 3858 1224 3925; x_wconf 86' lang='lat' dir='ltr'><strong>Ordinariis</strong></span> <span class='ocrx_word' id='word_1_233' title='bbox 1247 3876 1319 3924; x_wconf 91' lang='lat' dir='ltr'><strong>oon-</strong></span> 
     </span>
     <span class='ocr_line' id='line_1_35' title="bbox 160 3944 1320 4031; baseline -0.009 -12"><span class='ocrx_word' id='word_1_234' title='bbox 160 3954 230 4019; x_wconf 89' lang='lat' dir='ltr'><strong>cedi</strong></span> <span class='ocrx_word' id='word_1_235' title='bbox 252 3953 356 4019; x_wconf 90' lang='lat' dir='ltr'><strong>solent</strong></span> <span class='ocrx_word' id='word_1_236' title='bbox 378 3973 398 4018; x_wconf 89' lang='lat' dir='ltr'><strong>a</strong></span> <span class='ocrx_word' id='word_1_237' title='bbox 421 3952 451 4018; x_wconf 91' lang='lat' dir='ltr'><strong>S.</strong></span> <span class='ocrx_word' id='word_1_238' title='bbox 468 3951 560 4031; x_wconf 90' lang='lat' dir='ltr'><strong>Sede,</strong></span> <span class='ocrx_word' id='word_1_239' title='bbox 585 3957 618 4017; x_wconf 90' lang='lat' dir='ltr'><strong>et</strong></span> <span class='ocrx_word' id='word_1_240' title='bbox 631 3956 783 4015; x_wconf 89' lang='lat' dir='ltr'><strong>vocantur</strong></span> <span class='ocrx_word' id='word_1_241' title='bbox 806 3949 857 4014; x_wconf 90' lang='lat' dir='ltr'><strong>vel</strong></span> <span class='ocrx_word' id='word_1_242' title='bbox 872 3946 1128 4029; x_wconf 81' lang='lat' dir='ltr'><strong>Quinquennales</strong></span> <span class='ocrx_word' id='word_1_243' title='bbox 1144 3944 1194 4008; x_wconf 88' lang='lat' dir='ltr'><strong>vel</strong></span> <span class='ocrx_word' id='word_1_244' title='bbox 1210 3944 1320 4011; x_wconf 84' lang='lat' dir='ltr'><strong>Trien-</strong></span> 
     </span>
     <span class='ocr_line' id='line_1_36' title="bbox 160 4032 1321 4120; baseline -0.005 -18"><span class='ocrx_word' id='word_1_245' title='bbox 160 4039 249 4106; x_wconf 85' lang='lat' dir='ltr'><strong>nnles</strong></span> <span class='ocrx_word' id='word_1_246' title='bbox 264 4040 315 4105; x_wconf 90' lang='lat' dir='ltr'><strong>vel</strong></span> <span class='ocrx_word' id='word_1_247' title='bbox 327 4040 475 4120; x_wconf 81' lang='lat' dir='ltr'><strong>Annales,</strong></span> <span class='ocrx_word' id='word_1_248' title='bbox 499 4040 639 4119; x_wconf 87' lang='lat' dir='ltr'><strong>adeoque</strong></span> <span class='ocrx_word' id='word_1_249' title='bbox 655 4037 787 4118; x_wconf 84' lang='lat' dir='ltr'><strong>singulis</strong></span> <span class='ocrx_word' id='word_1_250' title='bbox 809 4037 859 4100; x_wconf 88' lang='lat' dir='ltr'><strong>vel</strong></span> <span class='ocrx_word' id='word_1_251' title='bbox 875 4034 1094 4117; x_wconf 88' lang='lat' dir='ltr'><strong>quinquenniis</strong></span> <span class='ocrx_word' id='word_1_252' title='bbox 1117 4033 1165 4098; x_wconf 90' lang='lat' dir='ltr'><strong>vel</strong></span> <span class='ocrx_word' id='word_1_253' title='bbox 1178 4032 1321 4098; x_wconf 87' lang='lat' dir='ltr'><strong>trienniis</strong></span> 
     </span>
     <span class='ocr_line' id='line_1_37' title="bbox 161 4122 1321 4206; baseline -0.007 -15"><span class='ocrx_word' id='word_1_254' title='bbox 161 4126 210 4192; x_wconf 92' lang='lat' dir='ltr'><strong>vel</strong></span> <span class='ocrx_word' id='word_1_255' title='bbox 233 4128 323 4193; x_wconf 88' lang='lat' dir='ltr'><strong>annis</strong></span> <span class='ocrx_word' id='word_1_256' title='bbox 347 4128 543 4194; x_wconf 89' lang='lat' dir='ltr'><strong>renovandae</strong></span> <span class='ocrx_word' id='word_1_257' title='bbox 566 4131 641 4190; x_wconf 91' lang='lat' dir='ltr'><strong>suut</strong></span> <span class='ocrx_word' id='word_1_258' title='bbox 664 4144 701 4190; x_wconf 87' lang='lat' dir='ltr'><strong>ac</strong></span> <span class='ocrx_word' id='word_1_259' title='bbox 727 4143 852 4206; x_wconf 91' lang='lat' dir='ltr'><strong>semper</strong></span> <span class='ocrx_word' id='word_1_260' title='bbox 874 4127 1076 4199; x_wconf 90' lang='lat' dir='ltr'><strong>renovantur,</strong></span> <span class='ocrx_word' id='word_1_261' title='bbox 1101 4122 1134 4185; x_wconf 95' lang='lat' dir='ltr'><strong>in</strong></span> <span class='ocrx_word' id='word_1_262' title='bbox 1157 4127 1321 4202; x_wconf 90' lang='lat' dir='ltr'><strong>posterum</strong></span> 
     </span>
     <span class='ocr_line' id='line_1_38' title="bbox 161 4208 1322 4296; baseline -0.004 -20"><span class='ocrx_word' id='word_1_263' title='bbox 161 4214 374 4281; x_wconf 86' lang='lat' dir='ltr'><strong>concedantur</strong></span> <span class='ocrx_word' id='word_1_264' title='bbox 407 4232 465 4296; x_wconf 92' lang='lat' dir='ltr'><strong>pro</strong></span> <span class='ocrx_word' id='word_1_265' title='bbox 498 4220 566 4280; x_wconf 93' lang='lat' dir='ltr'><strong>toto</strong></span> <span class='ocrx_word' id='word_1_266' title='bbox 600 4221 743 4294; x_wconf 90' lang='lat' dir='ltr'><strong>tempore</strong></span> <span class='ocrx_word' id='word_1_267' title='bbox 779 4230 840 4293; x_wconf 90' lang='lat' dir='ltr'><strong>quo</strong></span> <span class='ocrx_word' id='word_1_268' title='bbox 872 4209 1033 4276; x_wconf 88' lang='lat' dir='ltr'><strong>Ecclesiae</strong></span> <span class='ocrx_word' id='word_1_269' title='bbox 1062 4227 1139 4274; x_wconf 88' lang='lat' dir='ltr'><strong>suae</strong></span> <span class='ocrx_word' id='word_1_270' title='bbox 1173 4208 1322 4290; x_wconf 87' lang='lat' dir='ltr'><strong>regimini</strong></span> 
     </span>
     <span class='ocr_line' id='line_1_39' title="bbox 161 4301 665 4384; baseline 0.004 -19"><span class='ocrx_word' id='word_1_271' title='bbox 161 4305 314 4384; x_wconf 86' lang='lat' dir='ltr'><strong>praesunt</strong></span> <span class='ocrx_word' id='word_1_272' title='bbox 335 4301 382 4366; x_wconf 90' lang='lat' dir='ltr'><strong>illi</strong></span> <span class='ocrx_word' id='word_1_273' title='bbox 404 4302 515 4383; x_wconf 90' lang='lat' dir='ltr'><strong>quibus</strong></span> <span class='ocrx_word' id='word_1_274' title='bbox 539 4303 665 4367; x_wconf 89' lang='lat' dir='ltr'><strong>dantur.</strong></span> 
     </span>
    </p>
   </div>
   <div class='ocr_carea' id='block_1_11' title="bbox 0 0 1485 4942">
    <p class='ocr_par' dir='ltr' id='par_1_13' title="bbox 0 0 1485 4942">
     <span class='ocr_line' id='line_1_40' title="bbox 0 0 1485 4942; baseline 0 0"><span class='ocrx_word' id='word_1_275' title='bbox 0 0 1485 4942; x_wconf 95' lang='lat' dir='ltr'><strong> </strong></span> 
     </span>
    </p>
   </div>
  </div>
 </body>
</html>
