2946 4942
173 303 214 362 50
445 317 565 367 senuna
587 317 829 369 oonsrmurrours
853 323 1046 373 oocunrmrn

274 457 392 533 Quodsi
414 457 555 523 Ecclesia
576 465 682 523 mouet
703 477 742 524 ac
761 460 852 540 jubet
874 461 1018 528 subditos
1041 466 1219 531 secundum
1241 485 1336 533 man-

168 543 277 607 datum
311 544 459 610 divinitus
491 550 656 627 acceptum
682 545 810 612 obedire
839 549 982 629 regibus,
1013 569 1077 616 non
1108 554 1214 620 miuus
1237 572 1335 636 reges

167 647 291 712 quoque
315 631 407 698 docet
431 635 612 714 prospicere
640 633 777 715 populis.
806 640 843 699 ut
864 636 1047 718 intelligant
1073 645 1107 705 et
1129 641 1334 723 erudiantur,

166 718 220 799 qui
237 718 382 799 Judicant
407 727 541 801 terram,
573 739 633 786 non
658 721 699 785 ad
729 721 911 786 dominandi
943 725 1169 806 cupiditatem,
1203 729 1265 794 scd
1288 731 1334 796 ad

165 803 302 871 officium
332 808 516 889 providendi
543 809 603 874 sibi
633 807 739 873 datam
768 826 839 874 esse
860 829 881 874 a
903 813 1040 876 Domino
1071 819 1270 894 potestatem
1296 823 1334 883 et

165 894 313 959 virtutem
342 897 381 960 ab
404 896 579 975 ditissimo,
613 900 649 959 ut
679 901 829 977 tanquam
860 899 996 963 ministri
1028 903 1120 982 regui
1143 902 1213 983 ejus
1236 911 1331 971 recte

161 981 317 1064 judicent,
349 989 383 1048 et
406 983 584 1048 custodiant
611 983 714 1065 legem
741 984 905 1066 justitiae3
939 988 1090 1067 quoniam
1118 990 1271 1071 pusillum
1295 996 1330 1058 et

164 1087 312 1148 maguum
333 1071 400 1151 ipse
422 1069 505 1148 iecit,
529 1076 562 1134 et
584 1071 859 1151 aequaliter'cura
880 1077 930 1136 est
953 1075 997 1137 illi
1021 1075 1059 1138 de
1083 1077 1240 1142 omnibus.
1256 1079 1282 1162 1)

269 1157 412 1222 Ecclesia
442 1158 536 1238 igitur
559 1157 713 1224 catholica
742 1177 853 1240 regum
876 1166 910 1224 et
931 1155 1138 1243 populomm‚
1169 1173 1270 1246 atque
1292 1167 1329 1232 in

163 1245 213 1309 his
228 1246 421 1326 singulorum
444 1247 546 1310 omnis
561 1245 749 1311 conditionis
769 1245 929 1311 hominurn
952 1248 1107 1330 religione
1132 1251 1328 1319 divinatum

159 1334 232 1416 jura
255 1338 362 1397 tuetur
389 1341 457 1398 tum
487 1331 588 1397 officia
615 1333 707 1398 docet
735 1352 771 1398 ac
797 1336 965 1415 praecipit,
994 1343 1092 1417 atque
1121 1339 1168 1404 ita
1197 1340 1328 1420 legibus

161 1421 306 1485 humanis
321 1422 459 1486 sanctius
473 1420 709 1485 frmdamentum
724 1421 812 1502 ponit
830 1427 862 1485 et
883 1422 1058 1489 fideliorem
1073 1427 1222 1492 conciliat
1245 1428 1324 1494 obe·

163 1508 323 1573 diendam.
374 1509 478 1586 Quare
512 1526 580 1572 cum
608 1508 688 1573 haec
719 1509 830 1573 civitas
865 1509 924 1573 Dei
953 1517 1076 1576 tantum
1108 1514 1252 1579 conferat
1281 1516 1327 1582 ad

162 1597 366 1662 securitatem
399 1601 432 1662 et
462 1592 643 1660 felicitatem
672 1596 809 1661 civitatis
839 1602 1000 1677 terrenae,
1033 1600 1085 1664 vel
1107 1620 1145 1664 ex
1175 1602 1236 1667 hoc
1259 1621 1327 1670 uno

161 1702 269 1751 omues
300 1686 492 1766 intelligant,
522 1690 641 1765 quanta
669 1685 825 1765 sapientia
855 1702 893 1749 ac
926 1685 1067 1752 bonitate
1094 1689 1181 1754 Deus
1207 1697 1327 1756 auctor·

160 1780 293 1838 naturae
317 1779 350 1838 et
371 1773 492 1854 gratiae
509 1777 604 1852 atque
626 1772 792 1853 utriusque
807 1772 944 1836 civitatis
966 1774 1130 1841 ordinator
1146 1783 1325 1856 potestates

32 1931 35 1939 ,
160 1861 328 1927 sacerdotii
358 1868 390 1925 et
419 1859 542 1940 imperii
573 1877 638 1924 non
659 1860 804 1924 inimicas
836 1858 893 1924 sed
922 1860 1045 1926 vinculo
1076 1865 1164 1943 pacis
1188 1867 1325 1948 conjun-

159 1949 278 2031 gendas
302 1948 499 2030 disposuerit.
547 1946 631 2013 Haec
654 1953 761 2012 autem
784 1948 947 2027 utriusque
970 1949 1106 2016 civitatis
1130 1953 1322 2035 conjunctio,

159 2057 198 2102 en
220 2055 282 2119 qua
304 2038 335 2101 in
358 2037 460 2117 ipsam
477 2035 598 2101 civilem
615 2037 799 2101 societatem
823 2040 913 2098 tanta
927 2036 1012 2101 bona
1034 2045 1232 2118 promanant,
1259 2058 1325 2106 non

158 2127 279 2191 liberae
301 2125 462 2189 hominum
487 2125 607 2204 optioni
631 2123 784 2204 permissa
810 2121 867 2186 sed
890 2122 949 2186 Dei
972 2124 1041 2204 lege
1063 2134 1235 2207 praecepta
1260 2134 1321 2196 cst.

159 2214 313 2292 Quoniam
337 2213 418 2277 enim
441 2230 503 2283 non
535 2211 637 2275 solum
660 2209 776 2292 singuli
798 2211 946 2290 privatim
975 2211 1118 2278 homines
1141 2214 1322 2280 sedetiam

159 2319 267 2366 omnes
300 2302 332 2366 in
362 2301 428 2364 vita
455 2298 583 2380 publica
609 2299 741 2380 ipsaque
765 2298 900 2362 societas
930 2299 971 2362 ad
1001 2317 1112 2364 veram
1133 2300 1322 2382 religionem

158 2408 234 2471 erga
256 2390 358 2454 Deum
390 2393 539 2453 tenentur
568 2387 792 2469 religionisque
819 2385 941 2466 legibus
965 2388 1213 2468 obstringuntur,
1244 2389 1323 2458 hinc

155 2479 224 2560 ipsa
247 2477 375 2560 publica
397 2476 540 2553 societas,
574 2475 662 2556 quus
687 2475 771 2538 cives
793 2473 886 2536 simul
908 2471 1017 2537 fideles
1040 2475 1113 2554 sint,
1137 2477 1263 2558 magnis
1286 2485 1322 2544 et

157 2565 343 2631 necessariis
368 2562 477 2628 officiis
509 2563 669 2644 obligatur
701 2578 779 2642 erga
807 2560 865 2623 Dei
887 2559 1074 2640 Ecclesiam,
1109 2581 1193 2644 quae
1221 2581 1321 2632 veras

156 2654 315 2735 religionis
333 2651 508 2716 doctrinam
532 2655 565 2715 et
580 2649 665 2730 leges
682 2657 714 2713 et
732 2650 806 2731 jura
828 2665 866 2710 en
883 2648 987 2714 divino
1011 2649 1160 2714 mandato
1178 2653 1321 2719 custodit

156 2760 193 2807 ac
215 2745 333 2805 tuetur.
790 2746 795 2756 ‘

262 2827 463 2907 Quapropter
485 2842 577 2890 nemo
609 2825 713 2890 dicere
742 2830 941 2904 praesumat,
972 2842 1035 2889 non
1063 2842 1156 2906 posse
1180 2829 1321 2894 auctori·

155 2920 311 2980 tetemet
337 2915 412 2997 jura
435 2912 596 2978 Ecclesiae
625 2930 697 2978 cum
731 2911 902 2975 saecularis
929 2913 1098 2992 potestatis
1126 2915 1254 2996 juribus
1286 2923 1321 2981 et

155 3004 346 3068 auctoritate
363 3001 551 3078 consisterc;
572 3005 669 3082 atque
683 2998 754 3063 ideo
770 2998 812 3062 ad
826 2999 976 3080 optimam
992 3001 1154 3065 societatis
1170 3002 1320 3082 publicae

154 3092 308 3156 rationem
333 3090 544 3155 necessariam
568 3106 637 3154 esse
661 3085 761 3152 civilis
783 3086 976 3169 reipublicae
999 3089 1039 3151 ab
1060 3088 1203 3154 Ecclesia
1225 3109 1319 3172 sepa·

154 3180 316 3255 rationem,
340 3179 387 3242 ita
409 3186 445 3241 ut
467 3177 598 3258 imperio
614 3180 746 3258 negetur
766 3175 818 3256 jus
842 3179 875 3240 et
897 3172 1032 3240 officium
1057 3178 1218 3242 coercendi
1241 3197 1319 3243 san·

154 3266 224 3332 citis
248 3266 357 3348 poenis
384 3265 553 3330 violatores
584 3264 756 3329 catholicae
780 3262 956 3342 religionis,
988 3264 1049 3327 uisi
1071 3269 1228 3345 quatenus
1251 3285 1318 3347 pax

152 3354 279 3436 publica
301 3351 455 3434 postulem
479 3351 528 3415 vel
551 3351 676 3417 omnino
700 3353 753 3429 ita,
778 3356 814 3414 ut
829 3349 967 3413 humana
990 3351 1126 3417 societas
1140 3353 1318 3419 const‘tua·

152 3447 206 3506 tur
229 3448 261 3506 et
283 3443 478 3523 gubernetur
507 3438 593 3504 nullo
615 3438 723 3502 habito
755 3438 797 3502 ad
818 3437 1001 3518 religionem
1034 3447 1194 3519 respectu,
1226 3458 1263 3504 ac
1288 3443 1318 3507 si

153 3547 190 3593 ea
212 3548 276 3595 non
299 3529 463 3607 existeret,
493 3527 544 3591 vel
566 3526 679 3592 saltem
703 3525 788 3590 nullo
811 3524 894 3590 facto
917 3543 1025 3589 veram
1048 3527 1132 3590 iuter
1152 3524 1317 3609 falsasque

154 3614 323 3699 religiones
347 3615 536 3680 discrimine.

259 3703 350 3780 Quod
377 3704 460 3769 inter
493 3702 706 3769 sacerdotium
739 3708 770 3765 et
793 3701 958 3783 imperium
987 3700 1116 3767 dissidia
1143 3706 1216 3765 orta
1238 3708 1317 3769 sunt

152 3795 185 3856 et
207 3792 240 3854 in
264 3790 331 3856 dies
354 3790 507 3869 oriuntur,
531 3791 564 3856 id
587 3806 678 3854 nemo
695 3788 813 3853 audeat
836 3806 977 3853 asserere
994 3808 1032 3853 ex
1055 3791 1123 3870 ipsa
1145 3788 1251 3854 indole
1276 3810 1316 3857 ac

151 3884 267 3943 natura
304 3878 470 3960 potestatis
508 3875 741 3942 ecclesiasticae
778 3877 953 3958 provenire.
1014 3877 1080 3941 Pax
1117 3894 1192 3940 vera
1229 3877 1317 3943 inter

150 3971 317 4045 utramque
339 3971 529 4048 potestatem
552 3969 585 4030 et
607 3964 785 4044 concordia,
808 3983 902 4046 quarn
919 3962 1062 4029 Ecclesia
1084 3981 1207 4043 semper
1222 3971 1317 4046 optat

151 4056 186 4116 et
208 4052 319 4117 humili
351 4051 579 4135 supplicatione
602 4051 742 4134 postulat
765 4073 784 4118 a
807 4054 889 4132 Deo,
921 4053 1040 4117 servari
1071 4068 1231 4131 uunquam
1254 4071 1316 4133 po·

151 4142 229 4216 test,
262 4141 288 4202 si
312 4139 442 4207 libertas
472 4158 605 4222 sponsae
638 4141 715 4206 Jesu
739 4139 856 4206 Christi
879 4140 1067 4221 opprimitur
1096 4144 1129 4204 et
1151 4138 1316 4206 violantur

152 4260 361 4269 ——-—.--.

261 4325 280 4392 ι)
299 4325 340 4380 or.
359 4327 424 4396 sap.
443 4328 490 4385 ιιι.
508 4317 587 4383 ι-εῤ
