2946 4942
502 1291 894 1394 PRAEFATIO.

247 1697 484 1813 complectitur
518 1731 610 1810 baec,
646 1750 741 1812 quam
775 1731 808 1796 in
838 1730 941 1796 lucem
976 1732 1114 1813 edimus,
1152 1732 1282 1800 Concilii

123 1839 267 1904 Vaticani
284 1837 543 1903 documentorum
560 1836 701 1902 collectio
717 1855 780 1903 non
796 1837 901 1902 omnia
916 1837 1052 1918 quidem,
1070 1838 1126 1903 sed
1142 1843 1282 1904 tanturn-

125 1944 217 2011 modo
243 1944 299 2009 illa
329 1942 472 2027 ejusdem
496 1940 627 2008 Concilii
650 1942 852 2021 documenta,
884 1962 965 2027 quae
988 1943 1029 2009 ad
1053 1943 1226 2010 doctrinam
1250 1952 1283 2009 ct

125 2049 318 2130 disciplinam
346 2049 524 2131 pertinent,
557 2066 668 2128 nempe
698 2047 801 2128 primo
824 2048 907 2114 daos
929 2048 1006 2114 illoc
1031 2048 1281 2115 Constantianos

125 2154 329 2235 dogmaticas,
353 2172 434 2235 quae
457 2154 490 2218 in
513 2153 645 2235 publicis
669 2152 867 2218 Sessionibus
898 2155 993 2218 tertia
1015 2159 1048 2219 et
1070 2158 1186 2236 quarta
1207 2172 1282 2221 san-

125 2258 206 2323 citae
235 2263 268 2323 et
289 2256 508 2340 promulgatae
531 2263 619 2336 sunt3
650 2256 763 2322 deiude
792 2257 848 2323 illa
870 2256 1082 2324 Decretorrcm
1105 2257 1280 2341 Schemate,

124 2379 218 2443 quae,
250 2364 343 2446 J'ussu
377 2361 575 2428 Sanctissimi
609 2361 731 2442 Patris,
767 2362 807 2426 ab
843 2362 972 2428 adscitis
1006 2362 1090 2427 Viris
1124 2363 1311 2447 theologis

125 2466 389 2551 ecclesiasticique
407 2469 488 2550 J'uris
512 2467 663 2533 consultis
686 2472 889 2549 praeparata,
913 2467 1043 2550 singulis
1066 2466 1199 2534 concilii
1221 2469 1282 2537 Pa·

125 2571 225 2637 tribus
249 2571 419 2638 distributa
447 2579 544 2654 atque
566 2571 607 2637 ad
631 2590 761 2637 examen
789 2577 821 2637 et
840 2572 992 2655 Judicium
1017 2574 1158 2656 subJecta
1181 2581 1281 2657 erant,

126 2678 218 2743 tertio
241 2679 377 2760 denique
399 2678 454 2743 illa
477 2677 655 2755 Postumia,
679 2695 760 2758 quae
783 2677 955 2743 secundum
977 2684 1120 2744 tenorem
1143 2677 1282 2746 Littera-

126 2800 194 2845 rum
222 2783 474 2864 Apostolicarum
497 2783 698 2863 Mnltqolices
731 2783 816 2848 inter
849 2783 1002 2864 peculiari
1037 2781 1282 2867 congregationi

126 2885 369 2953 aSauctissimo
392 2887 487 2954 Patre
519 2907 578 2970 pro
608 2888 797 2969 excipiendis
828 2893 861 2953 et
892 2888 1105 2969 expendendis
1127 2888 1282 2971 ejusmodi
1320 2948 1329 2997 t

126 2994 390 3074 propositionibus
414 2993 584 3076 deputatae
607 3012 627 3058 a
650 2992 781 3060 Concilii
803 2992 950 3059 Patribus
973 2994 1236 3060 erant-exhibita.

229 3097 291 3164 Sed
321 3099 455 3181 ingenue
478 3097 628 3178 fatemur,
652 3099 798 3180 primum,
821 3115 918 3179 quum
940 3098 980 3163 de
1002 3098 1200 3180 suscipiendo
1222 3098 1283 3165 hoc

127 3218 218 3282 opere
241 3206 466 3285 cogitaremus,
492 3206 587 3270 etiam
610 3205 845 3287 angustioribus
867 3202 1019 3269 limitibus
1040 3203 1120 3268 illud
1142 3222 1199 3269 nos
1222 3206 1282 3270 cir·

128 3309 334 3374 cumscribere
364 3309 521 3375 maluisse.
567 3310 649 3374 Nam
672 3315 748 3373 tunc
769 3309 892 3374 nonnisi
915 3307 975 3374 boc
997 3308 1088 3374 nobis
1110 3326 1281 3390 proposue-

128 3428 247 3492 ramus,
271 3414 336 3494 illa‚
361 3433 442 3498 quae
466 3415 610 3493 diximus,
633 3413 801 3479 Postulata
823 3414 948 3495 integre
972 3413 1104 3479 collecta
1124 3414 1157 3478 in
1180 3413 1281 3479 lucem

129 3515 230 3598 edere,
266 3519 398 3584 exclusis
427 3525 494 3585 tam
520 3519 583 3585 illis
614 3519 737 3584 duabus
768 3517 1053 3584 constitutionibus
1085 3519 1280 3600 dogmaticis

129 3638 220 3700 quam
242 3623 305 3689 illis
321 3625 530 3691 Decretorum
544 3624 775 3705 Schematibus‚
799 3623 915 3705 quippe
939 3642 1021 3704 quae
1040 3624 1108 3706 jam
1131 3622 1200 3688 aliis
1223 3625 1281 3689 viis

128 3723 215 3807 longe
247 3728 375 3812 lateque
407 3730 569 3812 divulgata
597 3735 714 3797 essent.
760 3729 863 3808 Quum
894 3735 1000 3794 autem
1029 3728 1069 3793 ad
1101 3738 1282 3811 susceptum

129 3829 184 3895 boc
212 3850 290 3914 opus
320 3837 465 3918 aggressi
486 3854 644 3915 essemus,
665 3834 759 3901 facile
781 3834 871 3899 nobis
893 3834 1120 3915 persuasimus
1144 3832 1199 3897 illa
1221 3833 1282 3899 Po·

129 3938 245 4006 stulata
277 3960 346 4007 cum
374 3942 433 4023 bis,
469 3959 549 4024 quae
571 3942 664 4008 modo
691 3940 946 4018 memoravimus,
985 3938 1181 4005 documentis
1214 3944 1282 4004 tam

129 4055 213 4115 arcte
236 4048 425 4126 cohaerere,
460 4050 497 4112 ut
528 4047 579 4111 vix
608 4046 649 4111 ab
676 4046 715 4110 iis
738 4044 877 4126 disjungi
898 4048 1036 4125 possent.
1082 4043 1283 4125 Quapropter

129 4160 247 4222 mumto
270 4153 401 4223 consilio
425 4151 521 4217 etiam
543 4151 621 4218 baec
644 4150 832 4217 documenta
846 4147 1082 4216 Postulatorum
1107 4147 1281 4214 collectioni

11 4306 14 4311 -
123 4260 264 4329 'mserme
286 4257 514 4350 constituimus.
560 4258 633 4324 Jam
655 4273 746 4333 vero,
782 4255 810 4320 si
840 4254 909 4337 quis
941 4259 1091 4336 quaerat,
1125 4270 1282 4333 quaenam

1146 4355 1176 4410 1*
