<?xml version="1.0" encoding="UTF-8"?>
<!DOCTYPE html PUBLIC "-//W3C//DTD XHTML 1.0 Transitional//EN"
    "http://www.w3.org/TR/xhtml1/DTD/xhtml1-transitional.dtd">
<html xmlns="http://www.w3.org/1999/xhtml" xml:lang="en" lang="en">
 <head>
  <title>
</title>
<meta http-equiv="Content-Type" content="text/html;charset=utf-8" />
  <meta name='ocr-system' content='tesseract 3.04.00' />
  <meta name='ocr-capabilities' content='ocr_page ocr_carea ocr_par ocr_line ocrx_word'/>
</head>
<body>
  <div class='ocr_page' id='page_1' title='image "./omniumconciliiv01martgoog_0172.png"; bbox 0 0 2946 4942; ppageno 0'>
   <div class='ocr_carea' id='block_1_1' title="bbox 631 292 1329 361">
    <p class='ocr_par' dir='ltr' id='par_1_1' title="bbox 631 292 1329 361">
     <span class='ocr_line' id='line_1_1' title="bbox 631 292 1329 361; baseline -0.001 -2"><span class='ocrx_word' id='word_1_1' title='bbox 631 313 671 360; x_wconf 79' lang='lat' dir='ltr'>os</span> <span class='ocrx_word' id='word_1_2' title='bbox 693 312 873 361; x_wconf 74' lang='lat' dir='ltr'>ommrtma</span> <span class='ocrx_word' id='word_1_3' title='bbox 1269 292 1329 358; x_wconf 80' lang='grc'>167</span> 
     </span>
    </p>
   </div>
   <div class='ocr_carea' id='block_1_2' title="bbox 169 449 1332 621">
    <p class='ocr_par' dir='ltr' id='par_1_2' title="bbox 169 449 1332 621">
     <span class='ocr_line' id='line_1_2' title="bbox 169 449 1332 543; baseline 0.002 -29"><span class='ocrx_word' id='word_1_4' title='bbox 169 450 289 543; x_wconf 78' lang='lat' dir='ltr'>lucrari</span> <span class='ocrx_word' id='word_1_5' title='bbox 311 453 464 532; x_wconf 88' lang='lat' dir='ltr'>nituntur,</span> <span class='ocrx_word' id='word_1_6' title='bbox 499 460 643 533; x_wconf 82' lang='lat' dir='ltr'>atquae,</span> <span class='ocrx_word' id='word_1_7' title='bbox 679 452 719 517; x_wconf 94' lang='lat' dir='ltr'>oh</span> <span class='ocrx_word' id='word_1_8' title='bbox 744 469 874 516; x_wconf 89' lang='lat' dir='ltr'>causam</span> <span class='ocrx_word' id='word_1_9' title='bbox 897 451 1034 530; x_wconf 80' lang='lat' dir='ltr'>aliquam</span> <span class='ocrx_word' id='word_1_10' title='bbox 1056 449 1223 529; x_wconf 73' lang='lat' dir='ltr'>nullitatiS,</span> <span class='ocrx_word' id='word_1_11' title='bbox 1251 468 1332 531; x_wconf 86' lang='lat' dir='ltr'>quae</span> 
     </span>
     <span class='ocr_line' id='line_1_3' title="bbox 170 538 1015 621; baseline -0.001 -19"><span class='ocrx_word' id='word_1_12' title='bbox 170 539 258 620; x_wconf 90' lang='lat' dir='ltr'>ipsos</span> <span class='ocrx_word' id='word_1_13' title='bbox 280 557 410 621; x_wconf 87' lang='lat' dir='ltr'>prorsus</span> <span class='ocrx_word' id='word_1_14' title='bbox 431 540 522 618; x_wconf 89' lang='lat' dir='ltr'>latet,</span> <span class='ocrx_word' id='word_1_15' title='bbox 545 539 652 604; x_wconf 79' lang='lat' dir='ltr'>valore</span> <span class='ocrx_word' id='word_1_16' title='bbox 676 557 733 603; x_wconf 90' lang='lat' dir='ltr'>suo</span> <span class='ocrx_word' id='word_1_17' title='bbox 756 538 1015 615; x_wconf 77' lang='lat' dir='ltr'>destituunturll</span> 
     </span>
    </p>
   </div>
   <div class='ocr_carea' id='block_1_3' title="bbox 172 729 1332 916">
    <p class='ocr_par' dir='ltr' id='par_1_3' title="bbox 172 729 1332 916">
     <span class='ocr_line' id='line_1_4' title="bbox 172 729 1332 813; baseline 0.001 -19"><span class='ocrx_word' id='word_1_18' title='bbox 172 729 227 794; x_wconf 81' lang='lat' dir='ltr'>Aa</span> <span class='ocrx_word' id='word_1_19' title='bbox 250 731 414 796; x_wconf 77' lang='lat' dir='ltr'>conveniat</span> <span class='ocrx_word' id='word_1_20' title='bbox 443 730 527 813; x_wconf 80' lang='lat' dir='ltr'>lepos</span> <span class='ocrx_word' id='word_1_21' title='bbox 549 730 759 794; x_wconf 75' lang='lat' dir='ltr'>abstinentiae</span> <span class='ocrx_word' id='word_1_22' title='bbox 788 735 829 805; x_wconf 61' lang='lat' dir='ltr'>et,</span> <span class='ocrx_word' id='word_1_23' title='bbox 842 729 964 811; x_wconf 76' lang='lat' dir='ltr'>jejaac&#39;i</span> <span class='ocrx_word' id='word_1_24' title='bbox 994 730 1037 794; x_wconf 84' lang='lat' dir='ltr'>od</span> <span class='ocrx_word' id='word_1_25' title='bbox 1059 730 1230 810; x_wconf 82' lang='lat' dir='ltr'>qaorndooc</span> <span class='ocrx_word' id='word_1_26' title='bbox 1259 731 1332 795; x_wconf 82' lang='lat' dir='ltr'>uai-</span> 
     </span>
     <span class='ocr_line' id='line_1_5' title="bbox 395 834 1108 916; baseline 0 -18"><span class='ocrx_word' id='word_1_27' title='bbox 395 836 591 914; x_wconf 70' lang='lat' dir='ltr'><strong><em>formitatem</em></strong></span> <span class='ocrx_word' id='word_1_28' title='bbox 614 835 733 912; x_wconf 81' lang='lat' dir='ltr'>reduci,</span> <span class='ocrx_word' id='word_1_29' title='bbox 759 834 809 899; x_wconf 89' lang='lat' dir='ltr'>oel</span> <span class='ocrx_word' id='word_1_30' title='bbox 832 835 928 899; x_wconf 83' lang='lat' dir='ltr'>ctiam</span> <span class='ocrx_word' id='word_1_31' title='bbox 950 835 1108 916; x_wconf 71' lang='lat' dir='ltr'>mitigari.</span> 
     </span>
    </p>
   </div>
   <div class='ocr_carea' id='block_1_4' title="bbox 156 973 1377 1756">
    <p class='ocr_par' dir='ltr' id='par_1_4' title="bbox 172 973 1377 1232">
     <span class='ocr_line' id='line_1_6' title="bbox 278 973 1332 1060; baseline 0.001 -20"><span class='ocrx_word' id='word_1_32' title='bbox 278 973 412 1040; x_wconf 79' lang='lat' dir='ltr'>Constat</span> <span class='ocrx_word' id='word_1_33' title='bbox 439 993 492 1039; x_wconf 86' lang='lat' dir='ltr'>eas</span> <span class='ocrx_word' id='word_1_34' title='bbox 516 974 673 1040; x_wconf 83' lang='lat' dir='ltr'>Ecclesiae</span> <span class='ocrx_word' id='word_1_35' title='bbox 701 975 787 1055; x_wconf 88' lang='lat' dir='ltr'>leges</span> <span class='ocrx_word' id='word_1_36' title='bbox 815 993 896 1055; x_wconf 91' lang='lat' dir='ltr'>quae</span> <span class='ocrx_word' id='word_1_37' title='bbox 929 974 970 1038; x_wconf 95' lang='lat' dir='ltr'>ad</span> <span class='ocrx_word' id='word_1_38' title='bbox 999 974 1223 1040; x_wconf 77' lang='lat' dir='ltr'>abstinentiam</span> <span class='ocrx_word' id='word_1_39' title='bbox 1251 976 1332 1060; x_wconf 91' lang='lat' dir='ltr'>jeju-</span> 
     </span>
     <span class='ocr_line' id='line_1_7' title="bbox 173 1062 1332 1146; baseline 0.001 -18"><span class='ocrx_word' id='word_1_40' title='bbox 173 1064 320 1144; x_wconf 80' lang='lat' dir='ltr'>triumque</span> <span class='ocrx_word' id='word_1_41' title='bbox 336 1069 491 1146; x_wconf 89' lang='lat' dir='ltr'>spectant,</span> <span class='ocrx_word' id='word_1_42' title='bbox 515 1082 578 1127; x_wconf 94' lang='lat' dir='ltr'>non</span> <span class='ocrx_word' id='word_1_43' title='bbox 594 1063 713 1140; x_wconf 79' lang='lat' dir='ltr'>eodeni,</span> <span class='ocrx_word' id='word_1_44' title='bbox 737 1063 793 1126; x_wconf 89' lang='lat' dir='ltr'>sed</span> <span class='ocrx_word' id='word_1_45' title='bbox 810 1062 899 1126; x_wconf 89' lang='lat' dir='ltr'>valde</span> <span class='ocrx_word' id='word_1_46' title='bbox 924 1062 1048 1127; x_wconf 86' lang='lat' dir='ltr'>diverso</span> <span class='ocrx_word' id='word_1_47' title='bbox 1072 1063 1163 1127; x_wconf 89' lang='lat' dir='ltr'>modo</span> <span class='ocrx_word' id='word_1_48' title='bbox 1187 1064 1220 1127; x_wconf 94' lang='lat' dir='ltr'>in</span> <span class='ocrx_word' id='word_1_49' title='bbox 1234 1065 1332 1130; x_wconf 86' lang='lat' dir='ltr'>variis</span> 
     </span>
     <span class='ocr_line' id='line_1_8' title="bbox 172 1151 1377 1232; baseline 0.001 -19"><span class='ocrx_word' id='word_1_50' title='bbox 172 1152 354 1232; x_wconf 84' lang='lat' dir='ltr'>regionibus</span> <span class='ocrx_word' id='word_1_51' title='bbox 377 1151 547 1217; x_wconf 76' lang='lat' dir='ltr'>observari.</span> <span class='ocrx_word' id='word_1_52' title='bbox 1375 1154 1377 1161; x_wconf 89' lang='lat'>&#39;</span> 
     </span>
    </p>

    <p class='ocr_par' dir='ltr' id='par_1_5' title="bbox 162 1235 1333 1582">
     <span class='ocr_line' id='line_1_9' title="bbox 278 1235 1331 1319; baseline 0 -17"><span class='ocrx_word' id='word_1_53' title='bbox 278 1235 411 1302; x_wconf 83' lang='lat' dir='ltr'>Constat</span> <span class='ocrx_word' id='word_1_54' title='bbox 433 1240 538 1317; x_wconf 87' lang='lat' dir='ltr'>etiam,</span> <span class='ocrx_word' id='word_1_55' title='bbox 568 1239 719 1303; x_wconf 90' lang='lat' dir='ltr'>luctuosis</span> <span class='ocrx_word' id='word_1_56' title='bbox 742 1237 827 1302; x_wconf 88' lang='lat' dir='ltr'>hisce</span> <span class='ocrx_word' id='word_1_57' title='bbox 849 1239 967 1303; x_wconf 92' lang='lat' dir='ltr'>nostris</span> <span class='ocrx_word' id='word_1_58' title='bbox 990 1239 1193 1319; x_wconf 86' lang='lat' dir='ltr'>temporibus,</span> <span class='ocrx_word' id='word_1_59' title='bbox 1224 1256 1331 1314; x_wconf 91' lang='lat' dir='ltr'>novas,</span> 
     </span>
     <span class='ocr_line' id='line_1_10' title="bbox 167 1325 1333 1407; baseline 0 -18"><span class='ocrx_word' id='word_1_60' title='bbox 167 1343 230 1390; x_wconf 90' lang='lat' dir='ltr'>nec</span> <span class='ocrx_word' id='word_1_61' title='bbox 252 1344 378 1406; x_wconf 82' lang='lat' dir='ltr'>parvas,</span> <span class='ocrx_word' id='word_1_62' title='bbox 403 1326 515 1390; x_wconf 90' lang='lat' dir='ltr'>adesse</span> <span class='ocrx_word' id='word_1_63' title='bbox 539 1325 741 1391; x_wconf 87' lang='lat' dir='ltr'>difficultates</span> <span class='ocrx_word' id='word_1_64' title='bbox 770 1326 913 1406; x_wconf 88' lang='lat' dir='ltr'>integrae</span> <span class='ocrx_word' id='word_1_65' title='bbox 935 1328 1068 1390; x_wconf 88' lang='lat' dir='ltr'>istorum</span> <span class='ocrx_word' id='word_1_66' title='bbox 1091 1332 1333 1407; x_wconf 89' lang='lat' dir='ltr'>praeceptorum</span> 
     </span>
     <span class='ocr_line' id='line_1_11' title="bbox 164 1412 1333 1496; baseline -0.002 -18"><span class='ocrx_word' id='word_1_67' title='bbox 164 1414 391 1490; x_wconf 83' lang='lat' dir='ltr'>observationi,</span> <span class='ocrx_word' id='word_1_68' title='bbox 415 1414 499 1478; x_wconf 90' lang='lat' dir='ltr'>unde</span> <span class='ocrx_word' id='word_1_69' title='bbox 522 1413 559 1477; x_wconf 88' lang='lat' dir='ltr'>fit</span> <span class='ocrx_word' id='word_1_70' title='bbox 582 1420 617 1478; x_wconf 94' lang='lat' dir='ltr'>ut</span> <span class='ocrx_word' id='word_1_71' title='bbox 640 1414 767 1494; x_wconf 83' lang='lat' dir='ltr'>saepius</span> <span class='ocrx_word' id='word_1_72' title='bbox 790 1431 853 1476; x_wconf 94' lang='lat' dir='ltr'>non</span> <span class='ocrx_word' id='word_1_73' title='bbox 876 1413 1086 1496; x_wconf 84' lang='lat' dir='ltr'>particulares</span> <span class='ocrx_word' id='word_1_74' title='bbox 1109 1420 1242 1491; x_wconf 82' lang='lat' dir='ltr'>tantum,</span> <span class='ocrx_word' id='word_1_75' title='bbox 1276 1412 1333 1477; x_wconf 92' lang='lat' dir='ltr'>sed</span> 
     </span>
     <span class='ocr_line' id='line_1_12' title="bbox 162 1500 1196 1582; baseline 0.003 -18"><span class='ocrx_word' id='word_1_76' title='bbox 162 1502 267 1565; x_wconf 86' lang='lat' dir='ltr'>etiam</span> <span class='ocrx_word' id='word_1_77' title='bbox 292 1501 457 1582; x_wconf 81' lang='lat' dir='ltr'>generales</span> <span class='ocrx_word' id='word_1_78' title='bbox 480 1503 546 1581; x_wconf 91' lang='lat' dir='ltr'>peti</span> <span class='ocrx_word' id='word_1_79' title='bbox 569 1507 601 1565; x_wconf 88' lang='lat' dir='ltr'>et</span> <span class='ocrx_word' id='word_1_80' title='bbox 624 1501 752 1566; x_wconf 88' lang='lat' dir='ltr'>concedi</span> <span class='ocrx_word' id='word_1_81' title='bbox 777 1500 912 1565; x_wconf 89' lang='lat' dir='ltr'>debeant</span> <span class='ocrx_word' id='word_1_82' title='bbox 936 1501 1196 1582; x_wconf 88' lang='lat' dir='ltr'>dispensationes.</span> 
     </span>
    </p>

    <p class='ocr_par' dir='ltr' id='par_1_6' title="bbox 156 1586 1332 1756">
     <span class='ocr_line' id='line_1_13' title="bbox 279 1586 1332 1669; baseline -0.001 -17"><span class='ocrx_word' id='word_1_83' title='bbox 279 1589 426 1653; x_wconf 88' lang='lat' dir='ltr'>Forsitan</span> <span class='ocrx_word' id='word_1_84' title='bbox 455 1607 530 1669; x_wconf 86' lang='lat' dir='ltr'>ergo</span> <span class='ocrx_word' id='word_1_85' title='bbox 561 1589 647 1652; x_wconf 90' lang='lat' dir='ltr'>hand</span> <span class='ocrx_word' id='word_1_86' title='bbox 679 1586 789 1652; x_wconf 89' lang='lat' dir='ltr'>inutile</span> <span class='ocrx_word' id='word_1_87' title='bbox 818 1588 898 1653; x_wconf 88' lang='lat' dir='ltr'>foret</span> <span class='ocrx_word' id='word_1_88' title='bbox 929 1607 1024 1669; x_wconf 90' lang='lat' dir='ltr'>super</span> <span class='ocrx_word' id='word_1_89' title='bbox 1056 1589 1116 1652; x_wconf 84' lang='lat' dir='ltr'>huc</span> <span class='ocrx_word' id='word_1_90' title='bbox 1148 1589 1332 1669; x_wconf 86' lang='lat' dir='ltr'>quaestione</span> 
     </span>
     <span class='ocr_line' id='line_1_14' title="bbox 156 1673 1153 1756; baseline 0 -18"><span class='ocrx_word' id='word_1_91' title='bbox 156 1673 348 1739; x_wconf 82' lang='lat' dir='ltr'>Concilium</span> <span class='ocrx_word' id='word_1_92' title='bbox 371 1677 604 1740; x_wconf 89' lang='lat' dir='ltr'>oecumenicum</span> <span class='ocrx_word' id='word_1_93' title='bbox 627 1676 783 1756; x_wconf 86' lang='lat' dir='ltr'>inquirere</span> <span class='ocrx_word' id='word_1_94' title='bbox 807 1676 882 1756; x_wconf 90' lang='lat' dir='ltr'>qnid</span> <span class='ocrx_word' id='word_1_95' title='bbox 906 1677 1065 1755; x_wconf 77' lang='lat' dir='ltr'>oqeodaoa</span> <span class='ocrx_word' id='word_1_96' title='bbox 1088 1676 1153 1739; x_wconf 83' lang='lat' dir='ltr'>sit‘l</span> 
     </span>
    </p>
   </div>
   <div class='ocr_carea' id='block_1_5' title="bbox 231 1867 1274 2052">
    <p class='ocr_par' dir='ltr' id='par_1_7' title="bbox 231 1867 1274 2052">
     <span class='ocr_line' id='line_1_15' title="bbox 231 1867 1274 1950; baseline -0.002 -18"><span class='ocrx_word' id='word_1_97' title='bbox 231 1867 285 1932; x_wconf 87' lang='lat' dir='ltr'>Dc</span> <span class='ocrx_word' id='word_1_98' title='bbox 304 1870 371 1949; x_wconf 83' lang='lat' dir='ltr'>piis</span> <span class='ocrx_word' id='word_1_99' title='bbox 393 1870 597 1950; x_wconf 67' lang='lat' dir='ltr'>imaginibus,</span> <span class='ocrx_word' id='word_1_100' title='bbox 622 1869 660 1933; x_wconf 85' lang='lat' dir='ltr'>de</span> <span class='ocrx_word' id='word_1_101' title='bbox 682 1868 851 1932; x_wconf 81' lang='lat' dir='ltr'>miraculis</span> <span class='ocrx_word' id='word_1_102' title='bbox 874 1873 904 1931; x_wconf 87' lang='lat' dir='ltr'>et</span> <span class='ocrx_word' id='word_1_103' title='bbox 926 1867 964 1932; x_wconf 83' lang='lat' dir='ltr'>de</span> <span class='ocrx_word' id='word_1_104' title='bbox 986 1869 1078 1931; x_wconf 79' lang='lat' dir='ltr'>eoois</span> <span class='ocrx_word' id='word_1_105' title='bbox 1101 1867 1274 1931; x_wconf 75' lang='lat' dir='ltr'>devolionis</span> 
     </span>
     <span class='ocr_line' id='line_1_16' title="bbox 665 1973 834 2052; baseline 0.024 -18"><span class='ocrx_word' id='word_1_106' title='bbox 665 1973 834 2052; x_wconf 74' lang='lat' dir='ltr'>praeibas,</span> 
     </span>
    </p>
   </div>
   <div class='ocr_carea' id='block_1_6' title="bbox 147 2110 1333 2458">
    <p class='ocr_par' dir='ltr' id='par_1_8' title="bbox 147 2110 1333 2458">
     <span class='ocr_line' id='line_1_17' title="bbox 278 2110 1333 2194; baseline -0.001 -18"><span class='ocrx_word' id='word_1_107' title='bbox 278 2111 411 2194; x_wconf 82' lang='lat' dir='ltr'>Saepius</span> <span class='ocrx_word' id='word_1_108' title='bbox 443 2115 591 2191; x_wconf 90' lang='lat' dir='ltr'>eduntur,</span> <span class='ocrx_word' id='word_1_109' title='bbox 626 2120 658 2177; x_wconf 88' lang='lat' dir='ltr'>et</span> <span class='ocrx_word' id='word_1_110' title='bbox 687 2113 769 2176; x_wconf 89' lang='lat' dir='ltr'>inter</span> <span class='ocrx_word' id='word_1_111' title='bbox 799 2110 907 2176; x_wconf 89' lang='lat' dir='ltr'>fideles</span> <span class='ocrx_word' id='word_1_112' title='bbox 934 2122 1151 2192; x_wconf 86' lang='lat' dir='ltr'>propagantur</span> <span class='ocrx_word' id='word_1_113' title='bbox 1180 2113 1333 2193; x_wconf 85' lang='lat' dir='ltr'>imagines</span> 
     </span>
     <span class='ocr_line' id='line_1_18' title="bbox 147 2199 1333 2283; baseline -0.002 -17"><span class='ocrx_word' id='word_1_114' title='bbox 147 2203 250 2283; x_wconf 73' lang='lat' dir='ltr'>piae,</span> <span class='ocrx_word' id='word_1_115' title='bbox 275 2205 311 2263; x_wconf 91' lang='lat' dir='ltr'>ut</span> <span class='ocrx_word' id='word_1_116' title='bbox 334 2200 489 2277; x_wconf 90' lang='lat' dir='ltr'>dicuntur,</span> <span class='ocrx_word' id='word_1_117' title='bbox 514 2219 646 2281; x_wconf 89' lang='lat' dir='ltr'>quarum</span> <span class='ocrx_word' id='word_1_118' title='bbox 670 2204 718 2263; x_wconf 88' lang='lat' dir='ltr'>vel</span> <span class='ocrx_word' id='word_1_119' title='bbox 742 2200 875 2280; x_wconf 90' lang='lat' dir='ltr'>ipsemet</span> <span class='ocrx_word' id='word_1_120' title='bbox 898 2205 1077 2280; x_wconf 90' lang='lat' dir='ltr'>conceptus,</span> <span class='ocrx_word' id='word_1_121' title='bbox 1102 2199 1151 2263; x_wconf 92' lang='lat' dir='ltr'>vel</span> <span class='ocrx_word' id='word_1_122' title='bbox 1173 2199 1333 2280; x_wconf 83' lang='lat' dir='ltr'>graphidis</span> 
     </span>
     <span class='ocr_line' id='line_1_19' title="bbox 152 2287 1333 2364; baseline -0.003 -10"><span class='ocrx_word' id='word_1_123' title='bbox 152 2290 317 2354; x_wconf 74' lang='lat' dir='ltr'>executio</span> <span class='ocrx_word' id='word_1_124' title='bbox 340 2289 386 2352; x_wconf 91' lang='lat' dir='ltr'>ita</span> <span class='ocrx_word' id='word_1_125' title='bbox 410 2287 542 2352; x_wconf 87' lang='lat' dir='ltr'>ridicula</span> <span class='ocrx_word' id='word_1_126' title='bbox 565 2296 647 2363; x_wconf 88' lang='lat' dir='ltr'>sunt,</span> <span class='ocrx_word' id='word_1_127' title='bbox 673 2292 708 2350; x_wconf 92' lang='lat' dir='ltr'>ut</span> <span class='ocrx_word' id='word_1_128' title='bbox 732 2288 871 2350; x_wconf 88' lang='lat' dir='ltr'>nonnisi</span> <span class='ocrx_word' id='word_1_129' title='bbox 895 2288 936 2351; x_wconf 90' lang='lat' dir='ltr'>ad</span> <span class='ocrx_word' id='word_1_130' title='bbox 959 2288 1130 2352; x_wconf 86' lang='lat' dir='ltr'>cachinnos</span> <span class='ocrx_word' id='word_1_131' title='bbox 1153 2287 1333 2364; x_wconf 87' lang='lat' dir='ltr'>movendos,</span> 
     </span>
     <span class='ocr_line' id='line_1_20' title="bbox 147 2374 1332 2458; baseline 0.001 -18"><span class='ocrx_word' id='word_1_132' title='bbox 147 2374 394 2458; x_wconf 85' lang='lat' dir='ltr'>religionisque</span> <span class='ocrx_word' id='word_1_133' title='bbox 425 2381 639 2456; x_wconf 89' lang='lat' dir='ltr'>contemptum</span> <span class='ocrx_word' id='word_1_134' title='bbox 669 2375 901 2455; x_wconf 88' lang='lat' dir='ltr'>provocandum</span> <span class='ocrx_word' id='word_1_135' title='bbox 932 2382 1026 2455; x_wconf 88' lang='lat' dir='ltr'>aptae</span> <span class='ocrx_word' id='word_1_136' title='bbox 1057 2392 1127 2439; x_wconf 89' lang='lat' dir='ltr'>esse</span> <span class='ocrx_word' id='word_1_137' title='bbox 1158 2375 1332 2442; x_wconf 87' lang='lat' dir='ltr'>videantur.</span> 
     </span>
    </p>
   </div>
   <div class='ocr_carea' id='block_1_7' title="bbox 149 2462 1335 3228">
    <p class='ocr_par' dir='ltr' id='par_1_9' title="bbox 149 2462 1335 3228">
     <span class='ocr_line' id='line_1_21' title="bbox 149 2462 1334 2544; baseline -0.002 -14"><span class='ocrx_word' id='word_1_138' title='bbox 149 2462 251 2530; x_wconf 84' lang='lat' dir='ltr'>Item</span> <span class='ocrx_word' id='word_1_139' title='bbox 284 2464 436 2528; x_wconf 80' lang='lat' dir='ltr'>miracula</span> <span class='ocrx_word' id='word_1_140' title='bbox 465 2463 675 2544; x_wconf 84' lang='lat' dir='ltr'>publicantur,</span> <span class='ocrx_word' id='word_1_141' title='bbox 711 2481 800 2543; x_wconf 90' lang='lat' dir='ltr'>quae,</span> <span class='ocrx_word' id='word_1_142' title='bbox 836 2463 1062 2543; x_wconf 87' lang='lat' dir='ltr'>Episcoporum</span> <span class='ocrx_word' id='word_1_143' title='bbox 1093 2463 1228 2526; x_wconf 89' lang='lat' dir='ltr'>examini</span> <span class='ocrx_word' id='word_1_144' title='bbox 1259 2467 1334 2528; x_wconf 86' lang='lat' dir='ltr'>ante</span> 
     </span>
     <span class='ocr_line' id='line_1_22' title="bbox 153 2548 1334 2634; baseline -0.003 -17"><span class='ocrx_word' id='word_1_145' title='bbox 153 2551 420 2632; x_wconf 83' lang='lat' dir='ltr'>divulgationem</span> <span class='ocrx_word' id='word_1_146' title='bbox 453 2569 515 2615; x_wconf 94' lang='lat' dir='ltr'>non</span> <span class='ocrx_word' id='word_1_147' title='bbox 539 2552 691 2634; x_wconf 88' lang='lat' dir='ltr'>subjecta,</span> <span class='ocrx_word' id='word_1_148' title='bbox 726 2549 857 2630; x_wconf 91' lang='lat' dir='ltr'>posthac</span> <span class='ocrx_word' id='word_1_149' title='bbox 886 2548 966 2613; x_wconf 81' lang='lat' dir='ltr'>falsa</span> <span class='ocrx_word' id='word_1_150' title='bbox 995 2550 1045 2613; x_wconf 87' lang='lat' dir='ltr'>vel</span> <span class='ocrx_word' id='word_1_151' title='bbox 1067 2549 1139 2614; x_wconf 94' lang='lat' dir='ltr'>dolo</span> <span class='ocrx_word' id='word_1_152' title='bbox 1171 2550 1334 2629; x_wconf 87' lang='lat' dir='ltr'>supposita</span> 
     </span>
     <span class='ocr_line' id='line_1_23' title="bbox 154 2637 1335 2720; baseline -0.005 -14"><span class='ocrx_word' id='word_1_153' title='bbox 154 2657 242 2706; x_wconf 70' lang='lat' dir='ltr'>esse</span> <span class='ocrx_word' id='word_1_154' title='bbox 266 2640 475 2720; x_wconf 87' lang='lat' dir='ltr'>reperiuntur,</span> <span class='ocrx_word' id='word_1_155' title='bbox 506 2657 568 2702; x_wconf 94' lang='lat' dir='ltr'>non</span> <span class='ocrx_word' id='word_1_156' title='bbox 592 2639 660 2702; x_wconf 89' lang='lat' dir='ltr'>sine</span> <span class='ocrx_word' id='word_1_157' title='bbox 684 2656 797 2719; x_wconf 92' lang='lat' dir='ltr'>magno</span> <span class='ocrx_word' id='word_1_158' title='bbox 822 2656 968 2703; x_wconf 88' lang='lat' dir='ltr'>verorum</span> <span class='ocrx_word' id='word_1_159' title='bbox 990 2637 1214 2702; x_wconf 89' lang='lat' dir='ltr'>miraculorum</span> <span class='ocrx_word' id='word_1_160' title='bbox 1237 2637 1335 2701; x_wconf 92' lang='lat' dir='ltr'>detri-</span> 
     </span>
     <span class='ocr_line' id='line_1_24' title="bbox 152 2724 1335 2807; baseline -0.002 -15"><span class='ocrx_word' id='word_1_161' title='bbox 152 2732 289 2792; x_wconf 79' lang='lat' dir='ltr'>xnento.</span> <span class='ocrx_word' id='word_1_162' title='bbox 334 2727 416 2791; x_wconf 89' lang='lat' dir='ltr'>Item</span> <span class='ocrx_word' id='word_1_163' title='bbox 440 2727 545 2807; x_wconf 90' lang='lat' dir='ltr'>aliqui,</span> <span class='ocrx_word' id='word_1_164' title='bbox 569 2726 738 2790; x_wconf 90' lang='lat' dir='ltr'>indiscreto</span> <span class='ocrx_word' id='word_1_165' title='bbox 754 2724 821 2789; x_wconf 84' lang='lat' dir='ltr'>zelo</span> <span class='ocrx_word' id='word_1_166' title='bbox 845 2725 932 2789; x_wconf 89' lang='lat' dir='ltr'>ducti</span> <span class='ocrx_word' id='word_1_167' title='bbox 955 2726 1055 2805; x_wconf 88' lang='lat' dir='ltr'>magis</span> <span class='ocrx_word' id='word_1_168' title='bbox 1072 2743 1168 2806; x_wconf 90' lang='lat' dir='ltr'>quam</span> <span class='ocrx_word' id='word_1_169' title='bbox 1190 2742 1230 2788; x_wconf 90' lang='lat' dir='ltr'>ea</span> <span class='ocrx_word' id='word_1_170' title='bbox 1252 2743 1335 2805; x_wconf 84' lang='lat' dir='ltr'>quae</span> 
     </span>
     <span class='ocr_line' id='line_1_25' title="bbox 154 2811 1335 2894; baseline -0.003 -14"><span class='ocrx_word' id='word_1_171' title='bbox 154 2815 345 2880; x_wconf 74' lang='lat' dir='ltr'>secundum</span> <span class='ocrx_word' id='word_1_172' title='bbox 368 2815 529 2878; x_wconf 90' lang='lat' dir='ltr'>scientiam</span> <span class='ocrx_word' id='word_1_173' title='bbox 553 2818 601 2877; x_wconf 90' lang='lat' dir='ltr'>est</span> <span class='ocrx_word' id='word_1_174' title='bbox 623 2814 753 2894; x_wconf 88' lang='lat' dir='ltr'>pietate,</span> <span class='ocrx_word' id='word_1_175' title='bbox 778 2831 876 2878; x_wconf 87' lang='lat' dir='ltr'>novas</span> <span class='ocrx_word' id='word_1_176' title='bbox 897 2813 931 2876; x_wconf 91' lang='lat' dir='ltr'>in</span> <span class='ocrx_word' id='word_1_177' title='bbox 954 2814 1091 2878; x_wconf 88' lang='lat' dir='ltr'>medium</span> <span class='ocrx_word' id='word_1_178' title='bbox 1113 2811 1278 2894; x_wconf 83' lang='lat' dir='ltr'>proferunt</span> <span class='ocrx_word' id='word_1_179' title='bbox 1300 2816 1335 2876; x_wconf 87' lang='lat' dir='ltr'>el</span> 
     </span>
     <span class='ocr_line' id='line_1_26' title="bbox 155 2899 1334 2982; baseline -0.003 -16"><span class='ocrx_word' id='word_1_180' title='bbox 155 2900 321 2966; x_wconf 77' lang='lat' dir='ltr'>fidelibus</span> <span class='ocrx_word' id='word_1_181' title='bbox 349 2908 529 2982; x_wconf 86' lang='lat' dir='ltr'>proponunt</span> <span class='ocrx_word' id='word_1_182' title='bbox 559 2901 752 2980; x_wconf 89' lang='lat' dir='ltr'>devotiones,</span> <span class='ocrx_word' id='word_1_183' title='bbox 786 2918 947 2981; x_wconf 87' lang='lat' dir='ltr'>novasque</span> <span class='ocrx_word' id='word_1_184' title='bbox 977 2901 1078 2965; x_wconf 91' lang='lat' dir='ltr'>cultus</span> <span class='ocrx_word' id='word_1_185' title='bbox 1105 2919 1228 2981; x_wconf 89' lang='lat' dir='ltr'>praxes,</span> <span class='ocrx_word' id='word_1_186' title='bbox 1263 2899 1334 2980; x_wconf 91' lang='lat' dir='ltr'>plus</span> 
     </span>
     <span class='ocr_line' id='line_1_27' title="bbox 158 2987 1333 3068; baseline -0.002 -16"><span class='ocrx_word' id='word_1_187' title='bbox 158 2990 318 3053; x_wconf 84' lang='lat' dir='ltr'>minusve</span> <span class='ocrx_word' id='word_1_188' title='bbox 341 2991 485 3054; x_wconf 80' lang='lat' dir='ltr'>absonas</span> <span class='ocrx_word' id='word_1_189' title='bbox 519 2990 690 3053; x_wconf 90' lang='lat' dir='ltr'>lnnovetur</span> <span class='ocrx_word' id='word_1_190' title='bbox 713 2988 810 3068; x_wconf 89' lang='lat' dir='ltr'>igitur</span> <span class='ocrx_word' id='word_1_191' title='bbox 826 2989 988 3053; x_wconf 92' lang='lat' dir='ltr'>decretum</span> <span class='ocrx_word' id='word_1_192' title='bbox 1012 2987 1134 3052; x_wconf 88' lang='lat' dir='ltr'>concilii</span> <span class='ocrx_word' id='word_1_193' title='bbox 1151 2987 1333 3063; x_wconf 86' lang='lat' dir='ltr'>Tridentini,</span> 
     </span>
     <span class='ocr_line' id='line_1_28' title="bbox 153 3075 1334 3157; baseline -0.003 -17"><span class='ocrx_word' id='word_1_194' title='bbox 153 3075 262 3156; x_wconf 85' lang='lat' dir='ltr'>juxta</span> <span class='ocrx_word' id='word_1_195' title='bbox 295 3076 377 3157; x_wconf 91' lang='lat' dir='ltr'>quod</span> <span class='ocrx_word' id='word_1_196' title='bbox 407 3076 486 3140; x_wconf 90' lang='lat' dir='ltr'>haec</span> <span class='ocrx_word' id='word_1_197' title='bbox 515 3077 628 3153; x_wconf 93' lang='lat' dir='ltr'>omnia,</span> <span class='ocrx_word' id='word_1_198' title='bbox 665 3083 835 3157; x_wconf 88' lang='lat' dir='ltr'>antequam</span> <span class='ocrx_word' id='word_1_199' title='bbox 865 3076 1074 3156; x_wconf 91' lang='lat' dir='ltr'>publicentur,</span> <span class='ocrx_word' id='word_1_200' title='bbox 1110 3076 1334 3155; x_wconf 88' lang='lat' dir='ltr'>Episcoporum</span> 
     </span>
     <span class='ocr_line' id='line_1_29' title="bbox 163 3163 624 3228; baseline 0 0"><span class='ocrx_word' id='word_1_201' title='bbox 163 3165 311 3228; x_wconf 77' lang='lat' dir='ltr'>examini</span> <span class='ocrx_word' id='word_1_202' title='bbox 334 3165 479 3228; x_wconf 89' lang='lat' dir='ltr'>submitti</span> <span class='ocrx_word' id='word_1_203' title='bbox 501 3163 624 3228; x_wconf 91' lang='lat' dir='ltr'>debent.</span> 
     </span>
    </p>
   </div>
   <div class='ocr_carea' id='block_1_8' title="bbox 288 3371 1229 3451">
    <p class='ocr_par' dir='ltr' id='par_1_10' title="bbox 288 3371 1229 3451">
     <span class='ocr_line' id='line_1_30' title="bbox 288 3371 1229 3451; baseline -0.004 -14"><span class='ocrx_word' id='word_1_204' title='bbox 288 3371 353 3437; x_wconf 78' lang='lat' dir='ltr'>Dic</span> <span class='ocrx_word' id='word_1_205' title='bbox 376 3371 496 3435; x_wconf 78' lang='lat' dir='ltr'>diociis</span> <span class='ocrx_word' id='word_1_206' title='bbox 519 3372 684 3437; x_wconf 77' lang='lat' dir='ltr'>catholicis</span> <span class='ocrx_word' id='word_1_207' title='bbox 706 3373 913 3437; x_wconf 80' lang='lat' dir='ltr'>rrtoderoodc&#39;s</span> <span class='ocrx_word' id='word_1_208' title='bbox 937 3377 966 3435; x_wconf 85' lang='lat' dir='ltr'>et</span> <span class='ocrx_word' id='word_1_209' title='bbox 989 3371 1229 3451; x_wconf 72' lang='lat' dir='ltr'>conpescenda.</span> 
     </span>
    </p>
   </div>
   <div class='ocr_carea' id='block_1_9' title="bbox 168 3511 1334 3680">
    <p class='ocr_par' dir='ltr' id='par_1_11' title="bbox 168 3511 1334 3680">
     <span class='ocr_line' id='line_1_31' title="bbox 280 3511 1334 3593; baseline -0.002 -17"><span class='ocrx_word' id='word_1_210' title='bbox 280 3511 376 3576; x_wconf 85' lang='lat' dir='ltr'>Tristi</span> <span class='ocrx_word' id='word_1_211' title='bbox 394 3511 586 3592; x_wconf 80' lang='lat' dir='ltr'>experientia</span> <span class='ocrx_word' id='word_1_212' title='bbox 602 3518 728 3576; x_wconf 88' lang='lat' dir='ltr'>constat</span> <span class='ocrx_word' id='word_1_213' title='bbox 749 3513 884 3593; x_wconf 90' lang='lat' dir='ltr'>plurima</span> <span class='ocrx_word' id='word_1_214' title='bbox 899 3512 992 3591; x_wconf 86' lang='lat' dir='ltr'>mala,</span> <span class='ocrx_word' id='word_1_215' title='bbox 1017 3529 1117 3592; x_wconf 90' lang='lat' dir='ltr'>eaque</span> <span class='ocrx_word' id='word_1_216' title='bbox 1139 3512 1334 3592; x_wconf 83' lang='lat' dir='ltr'>gravissima,</span> 
     </span>
     <span class='ocr_line' id='line_1_32' title="bbox 168 3596 1334 3680; baseline 0.002 -19"><span class='ocrx_word' id='word_1_217' title='bbox 168 3596 361 3679; x_wconf 86' lang='lat' dir='ltr'>profluxisse</span> <span class='ocrx_word' id='word_1_218' title='bbox 386 3600 419 3662; x_wconf 90' lang='lat' dir='ltr'>iu</span> <span class='ocrx_word' id='word_1_219' title='bbox 435 3617 499 3662; x_wconf 90' lang='lat' dir='ltr'>rem</span> <span class='ocrx_word' id='word_1_220' title='bbox 523 3599 681 3680; x_wconf 89' lang='lat' dir='ltr'>publicam</span> <span class='ocrx_word' id='word_1_221' title='bbox 697 3599 902 3663; x_wconf 89' lang='lat' dir='ltr'>christianam</span> <span class='ocrx_word' id='word_1_222' title='bbox 926 3617 962 3662; x_wconf 93' lang='lat' dir='ltr'>ex</span> <span class='ocrx_word' id='word_1_223' title='bbox 987 3598 1093 3663; x_wconf 88' lang='lat' dir='ltr'>diariis</span> <span class='ocrx_word' id='word_1_224' title='bbox 1116 3601 1212 3663; x_wconf 90' lang='lat' dir='ltr'>etiam</span> <span class='ocrx_word' id='word_1_225' title='bbox 1228 3597 1334 3664; x_wconf 90' lang='lat' dir='ltr'>catho-</span> 
     </span>
    </p>
   </div>
   <div class='ocr_carea' id='block_1_10' title="bbox 172 3820 1335 4383">
    <p class='ocr_par' dir='ltr' id='par_1_12' title="bbox 285 3820 918 3893">
     <span class='ocr_line' id='line_1_33' title="bbox 285 3820 918 3893; baseline 0.006 -19"><span class='ocrx_word' id='word_1_226' title='bbox 285 3820 305 3890; x_wconf 84' lang='lat'>¹)</span> <span class='ocrx_word' id='word_1_227' title='bbox 324 3821 363 3876; x_wconf 85' lang='lat' dir='ltr'>of.</span> <span class='ocrx_word' id='word_1_228' title='bbox 383 3823 528 3878; x_wconf 88' lang='lat' dir='ltr'>Postulata</span> <span class='ocrx_word' id='word_1_229' title='bbox 548 3824 649 3880; x_wconf 81' lang='lat' dir='ltr'>Concil.</span> <span class='ocrx_word' id='word_1_230' title='bbox 669 3824 744 3881; x_wconf 90' lang='lat' dir='ltr'>Trid.</span> <span class='ocrx_word' id='word_1_231' title='bbox 763 3826 918 3893; x_wconf 87' lang='lat' dir='ltr'>proposita:</span> 
     </span>
    </p>

    <p class='ocr_par' dir='ltr' id='par_1_13' title="bbox 172 3891 1334 4102">
     <span class='ocr_line' id='line_1_34' title="bbox 282 3891 1333 3962; baseline 0.003 -18"><span class='ocrx_word' id='word_1_232' title='bbox 282 3891 430 3959; x_wconf 84' lang='lat' dir='ltr'>„Profusns</span> <span class='ocrx_word' id='word_1_233' title='bbox 448 3893 503 3961; x_wconf 88' lang='lat' dir='ltr'>ille,</span> <span class='ocrx_word' id='word_1_234' title='bbox 522 3899 633 3961; x_wconf 85' lang='lat' dir='ltr'>tamque</span> <span class='ocrx_word' id='word_1_235' title='bbox 646 3895 790 3960; x_wconf 85' lang='lat' dir='ltr'>generalis,</span> <span class='ocrx_word' id='word_1_236' title='bbox 809 3895 1041 3962; x_wconf 85' lang='lat' dir='ltr'>Indulgentiarnm</span> <span class='ocrx_word' id='word_1_237' title='bbox 1061 3903 1222 3950; x_wconf 87' lang='lat' dir='ltr'>coerceatur</span> <span class='ocrx_word' id='word_1_238' title='bbox 1241 3909 1333 3947; x_wconf 91' lang='lat' dir='ltr'>nume-</span> 
     </span>
     <span class='ocr_line' id='line_1_35' title="bbox 172 3962 1334 4032; baseline 0.002 -18"><span class='ocrx_word' id='word_1_239' title='bbox 172 3974 235 4029; x_wconf 67' lang='grc' dir='ltr'>τηις</span> <span class='ocrx_word' id='word_1_240' title='bbox 262 3977 315 4016; x_wconf 92' lang='lat' dir='ltr'>nec</span> <span class='ocrx_word' id='word_1_241' title='bbox 332 3979 394 4015; x_wconf 92' lang='lat' dir='ltr'>cnm</span> <span class='ocrx_word' id='word_1_242' title='bbox 418 3963 526 4030; x_wconf 85' lang='lat' dir='ltr'>aliquas</span> <span class='ocrx_word' id='word_1_243' title='bbox 549 3963 682 4030; x_wconf 87' lang='lat' dir='ltr'>elargitur</span> <span class='ocrx_word' id='word_1_244' title='bbox 700 3964 906 4032; x_wconf 86' lang='lat' dir='ltr'>Sanctissimus,</span> <span class='ocrx_word' id='word_1_245' title='bbox 935 3980 982 4019; x_wconf 89' lang='lat' dir='ltr'>eas</span> <span class='ocrx_word' id='word_1_246' title='bbox 1000 3965 1083 4018; x_wconf 89' lang='lat' dir='ltr'>alteri</span> <span class='ocrx_word' id='word_1_247' title='bbox 1108 3962 1334 4031; x_wconf 85' lang='lat' dir='ltr'>communicandi,</span> 
     </span>
     <span class='ocr_line' id='line_1_36' title="bbox 172 4031 1238 4102; baseline 0.002 -20"><span class='ocrx_word' id='word_1_248' title='bbox 172 4031 417 4100; x_wconf 79' lang='lat' dir='ltr'>transferendiqne</span> <span class='ocrx_word' id='word_1_249' title='bbox 434 4041 602 4102; x_wconf 88' lang='lat' dir='ltr'>potestatem</span> <span class='ocrx_word' id='word_1_250' title='bbox 621 4033 741 4088; x_wconf 86' lang='lat' dir='ltr'>habeant</span> <span class='ocrx_word' id='word_1_251' title='bbox 759 4035 800 4088; x_wconf 93' lang='lat' dir='ltr'>illi</span> <span class='ocrx_word' id='word_1_252' title='bbox 818 4035 916 4102; x_wconf 87' lang='lat' dir='ltr'>quibus</span> <span class='ocrx_word' id='word_1_253' title='bbox 935 4049 1085 4088; x_wconf 86' lang='lat' dir='ltr'>concessae</span> <span class='ocrx_word' id='word_1_254' title='bbox 1103 4033 1238 4086; x_wconf 84' lang='lat' dir='ltr'>fuerunt.“</span> 
     </span>
    </p>

    <p class='ocr_par' dir='ltr' id='par_1_14' title="bbox 176 4101 1335 4383">
     <span class='ocr_line' id='line_1_37' title="bbox 281 4101 1335 4173; baseline 0.003 -18"><span class='ocrx_word' id='word_1_255' title='bbox 281 4101 435 4170; x_wconf 85' lang='lat' dir='ltr'>„Pristinus</span> <span class='ocrx_word' id='word_1_256' title='bbox 454 4105 612 4159; x_wconf 86' lang='lat' dir='ltr'>immutetur</span> <span class='ocrx_word' id='word_1_257' title='bbox 630 4104 867 4173; x_wconf 84' lang='lat' dir='ltr'>indulgentiarum</span> <span class='ocrx_word' id='word_1_258' title='bbox 879 4105 1063 4159; x_wconf 88' lang='lat' dir='ltr'>concessionis</span> <span class='ocrx_word' id='word_1_259' title='bbox 1082 4104 1171 4172; x_wconf 83' lang='lat' dir='ltr'>stylus</span> <span class='ocrx_word' id='word_1_260' title='bbox 1190 4112 1219 4158; x_wconf 91' lang='lat' dir='ltr'>et</span> <span class='ocrx_word' id='word_1_261' title='bbox 1236 4103 1335 4171; x_wconf 86' lang='lat' dir='ltr'>forma,</span> 
     </span>
     <span class='ocr_line' id='line_1_38' title="bbox 176 4170 1332 4244; baseline 0.005 -23"><span class='ocrx_word' id='word_1_262' title='bbox 176 4182 225 4223; x_wconf 85' lang='lat' dir='ltr'>nec</span> <span class='ocrx_word' id='word_1_263' title='bbox 243 4170 279 4224; x_wconf 86' lang='lat' dir='ltr'>ad</span> <span class='ocrx_word' id='word_1_264' title='bbox 301 4179 344 4226; x_wconf 88' lang='lat' dir='ltr'>tot</span> <span class='ocrx_word' id='word_1_265' title='bbox 368 4188 511 4241; x_wconf 86' lang='lat' dir='ltr'>annorum,</span> <span class='ocrx_word' id='word_1_266' title='bbox 539 4174 697 4242; x_wconf 89' lang='lat' dir='ltr'>dierumque</span> <span class='ocrx_word' id='word_1_267' title='bbox 721 4175 857 4244; x_wconf 79' lang='lat' dir='ltr'>myriades</span> <span class='ocrx_word' id='word_1_268' title='bbox 882 4174 1065 4229; x_wconf 87' lang='lat' dir='ltr'>extendantur</span> <span class='ocrx_word' id='word_1_269' title='bbox 1089 4181 1118 4228; x_wconf 89' lang='lat' dir='ltr'>et</span> <span class='ocrx_word' id='word_1_270' title='bbox 1143 4181 1332 4243; x_wconf 82' lang='lat' dir='ltr'>numerentur3</span> 
     </span>
     <span class='ocr_line' id='line_1_39' title="bbox 176 4238 1334 4313; baseline 0.003 -21"><span class='ocrx_word' id='word_1_271' title='bbox 176 4238 225 4292; x_wconf 86' lang='lat' dir='ltr'>sed</span> <span class='ocrx_word' id='word_1_272' title='bbox 242 4240 277 4294; x_wconf 89' lang='lat' dir='ltr'>ad</span> <span class='ocrx_word' id='word_1_273' title='bbox 296 4249 420 4308; x_wconf 86' lang='lat' dir='ltr'>quartam</span> <span class='ocrx_word' id='word_1_274' title='bbox 432 4243 574 4313; x_wconf 86' lang='lat' dir='ltr'>duntaxat,</span> <span class='ocrx_word' id='word_1_275' title='bbox 593 4251 731 4299; x_wconf 87' lang='lat' dir='ltr'>certamve</span> <span class='ocrx_word' id='word_1_276' title='bbox 749 4246 870 4312; x_wconf 87' lang='lat' dir='ltr'>peccatis</span> <span class='ocrx_word' id='word_1_277' title='bbox 884 4245 1003 4298; x_wconf 84' lang='lat' dir='ltr'>debitam</span> <span class='ocrx_word' id='word_1_278' title='bbox 1022 4260 1127 4312; x_wconf 92' lang='lat' dir='ltr'>poenae</span> <span class='ocrx_word' id='word_1_279' title='bbox 1146 4244 1334 4298; x_wconf 85' lang='lat' dir='ltr'>remissionem</span> 
     </span>
     <span class='ocr_line' id='line_1_40' title="bbox 177 4309 1057 4383; baseline 0.011 -24"><span class='ocrx_word' id='word_1_280' title='bbox 177 4314 206 4361; x_wconf 79' lang='lat' dir='ltr'>et</span> <span class='ocrx_word' id='word_1_281' title='bbox 223 4309 422 4367; x_wconf 84' lang='lat' dir='ltr'>relaxationem</span> <span class='ocrx_word' id='word_1_282' title='bbox 441 4329 472 4368; x_wconf 90' lang='lat' dir='ltr'>se</span> <span class='ocrx_word' id='word_1_283' title='bbox 489 4314 664 4371; x_wconf 85' lang='lat' dir='ltr'>extendant“.</span> <span class='ocrx_word' id='word_1_284' title='bbox 701 4313 816 4381; x_wconf 87' lang='lat' dir='ltr'>(Postul.</span> <span class='ocrx_word' id='word_1_285' title='bbox 835 4314 901 4382; x_wconf 79' lang='lat' dir='ltr'>Reg.</span> <span class='ocrx_word' id='word_1_286' title='bbox 920 4313 1057 4383; x_wconf 82' lang='lat' dir='ltr'>Lusitan.)</span> 
     </span>
    </p>
   </div>
   <div class='ocr_carea' id='block_1_11' title="bbox 0 0 1483 4942">
    <p class='ocr_par' dir='ltr' id='par_1_15' title="bbox 0 0 1483 4942">
     <span class='ocr_line' id='line_1_41' title="bbox 0 0 1483 4942; baseline 0 0"><span class='ocrx_word' id='word_1_287' title='bbox 0 0 1483 4942; x_wconf 95' lang='lat' dir='ltr'> </span> 
     </span>
    </p>
   </div>
  </div>
 </body>
</html>
