2946 4942
210 321 272 383 184
547 323 565 341 ’
700 335 867 384 rossanum

207 475 310 540 altera
333 481 425 557 parte
455 475 564 541 deesse
590 481 715 556 tempus
743 475 929 556 quandoque
961 479 997 538 nt
1020 473 1202 540 obtineatur
1233 474 1373 539 convali-

210 563 297 627 datio
320 570 394 626 ante
416 563 611 628 Matrimonii
639 562 898 639 celebrationem
932 580 1013 643 quae
1035 562 1140 627 forsan
1164 559 1284 626 differri
1308 579 1367 625 non

208 651 334 730 poterit,
358 651 432 731 quia
455 670 483 714 v.
496 668 525 730 g.
542 668 608 715 mos
632 651 736 714 estin
759 650 828 714 loco
851 655 888 714 ut
903 651 1013 715 eodem
1037 649 1089 714 die
1112 655 1144 714 et
1167 667 1274 716 coram
1298 648 1374 730 lege

209 737 293 803 civili
315 743 348 802 et
371 755 476 802 coram
499 737 643 802 Ecclesia
667 737 865 814 contrahant,
890 755 927 801 ac
950 737 1053 802 omnia
1075 743 1189 817 parata
1212 741 1297 802 sunt.

316 834 344 888 3.
380 825 470 902 Quia,
502 827 527 889 si
552 843 723 905 numquam
746 823 834 889 extra
857 822 1090 889 Confessionem
1114 825 1153 888 de
1176 825 1301 889 incestu
1323 825 1374 887 in—

208 919 449 993 terrogarentur
471 914 698 994 nupturientes.
733 912 839 992 plures
863 930 901 975 ea
925 912 963 976 de
986 930 1021 975 re
1044 930 1107 976 non
1131 912 1310 993 cogitarent
1332 929 1374 975 eo·

208 1017 320 1081 nempe
344 1017 440 1064 sensu
462 1009 498 1064 ut
521 1000 560 1065 de
582 1000 736 1064 industria
759 1018 821 1063 non
844 1000 1080 1064 committerent
1102 999 1161 1064 hoc
1186 999 1305 1062 crimen
1329 999 1373 1062 ad

208 1085 328 1152 facilius
361 1087 564 1151 obtinendam
595 1088 877 1169 dispensationem
912 1086 965 1150 alii
992 1085 1072 1151 falso
1102 1104 1165 1151 non
1194 1085 1370 1168 allegarent

209 1174 354 1255 copulam
378 1174 574 1239 commissam
597 1173 700 1254 fuisse,
724 1181 760 1238 ut
783 1171 819 1237 fit
841 1175 1040 1255 quandoque.

314 1278 369 1342 III.
405 1277 532 1343 Statuat
562 1277 734 1344 Concilium
761 1278 884 1343 litteras
913 1277 1154 1359 dispensationis
1182 1295 1202 1341 a
1232 1275 1262 1341 S.
1280 1276 1376 1342 Cede

210 1366 373 1446 expeditas
409 1369 441 1430 in
473 1374 635 1447 posterum
669 1385 732 1430 non
767 1366 901 1447 amplius
933 1365 999 1430 fore
1032 1363 1193 1443 invalidas
1229 1364 1296 1428 sive
1331 1363 1377 1428 ob·

209 1453 369 1518 reticltum
392 1454 546 1518 incestum
570 1455 602 1518 in
634 1454 789 1535 precibus,
826 1459 883 1517 aut
913 1458 1077 1535 patratum
1107 1469 1162 1516 seu
1184 1452 1371 1516 reiteratum

209 1545 281 1621 post
305 1541 417 1604 missas
440 1560 550 1621 preces
575 1547 608 1605 et
638 1548 711 1605 ante
738 1540 980 1621 dispensationis
1004 1539 1233 1616 executionem3
1269 1557 1378 1620 neque

210 1627 251 1692 ob
275 1646 411 1692 errorem
435 1630 570 1692 nominis
595 1630 745 1694 dioecesis
770 1628 821 1692 vel
844 1627 978 1691 nominis
1000 1633 1056 1691 aut
1079 1626 1272 1706 cognominis
1297 1644 1377 1691 con*

208 1715 410 1791 trahentium,
435 1716 603 1780 dummodo
627 1722 749 1781 constet
773 1717 810 1780 de
833 1732 1038 1796 personarum
1060 1714 1240 1791 identitate3
1268 1732 1371 1794 neque

210 1800 249 1868 ob
273 1803 504 1883 expressionem
528 1804 807 1884 consanguinitatis
823 1803 892 1867 loco
915 1799 1078 1866 affinitatis
1102 1817 1158 1866 seu
1173 1801 1242 1865 vice
1265 1819 1372 1880 versa,

212 1890 380 1954 dummodo
408 1891 527 1970 gradm
558 1893 703 1955 accurate
738 1891 939 1971 exprimatur,
974 1897 1031 1953 aut
1053 1888 1165 1952 saltem
1200 1888 1377 1953 dummodo

209 1995 303 2043 verus
326 1976 442 2058 gradm
472 1979 598 2042 nonsit
628 1978 833 2060 propinquior
856 1995 950 2057 quam
982 1976 1036 2055 qui
1058 1992 1225 2057 expressus
1255 1973 1317 2040 fuit
1339 1975 1376 2039 in

209 2064 360 2145 supplica.

316 2152 424 2216 Prima
455 2151 547 2232 hujus
570 2151 729 2216 Postulati
753 2170 827 2232 pars
852 2155 901 2216 est
924 2167 1117 2232 consequens
1140 2149 1377 2230 praecedentis.

210 2237 343 2304 Utilitas
365 2238 565 2319 reliquorum.
591 2257 673 2319 quae
696 2239 773 2303 inibi
796 2245 947 2320 petuntur
970 2239 1011 2302 ad
1033 2236 1172 2320 pericula
1194 2237 1376 2302 animarum

211 2326 384 2391 avertenda
408 2326 485 2391 satis
508 2332 608 2407 patet.

315 2431 369 2498 IV.
404 2431 553 2496 Declaret
575 2429 748 2496 Concilium
771 2430 891 2495 validas
914 2431 947 2494 in
971 2437 1133 2512 posterum
1155 2427 1222 2494 fore
1246 2428 1377 2494 litteras

210 2519 453 2600 dispensationis
469 2518 531 2583 aS.
545 2518 625 2583 Sede
642 2519 815 2600 expeditas,
839 2518 919 2583 licet
936 2525 1066 2600 agentes
1089 2516 1139 2582 vel
1162 2533 1377 2582 amanuenses

210 2606 332 2671 romani
355 2607 460 2671 causis
482 2607 513 2670 in
529 2605 635 2671 libello
659 2605 792 2687 supplici
815 2605 961 2686 allegatis
978 2605 1057 2671 alias
1080 2604 1202 2670 addant
1224 2609 1283 2668 aut
1298 2605 1377 2668 suh·

209 2693 352 2772 stituant,
377 2692 427 2758 vel
450 2711 616 2758 causarum
640 2693 894 2758 circumstantias
910 2711 967 2758 suo
990 2693 1082 2776 mode
1097 2691 1189 2756 aliter
1211 2695 1379 2772 exponant·¹

210 2799 304 2864 quam
327 2786 526 2861 exponuntur
548 2780 580 2844 in
603 2779 708 2846 libello
732 2779 763 2845 S.
788 2780 861 2866 sedi
885 2781 1001 2847 oblato.

314 2885 351 2948 V.
377 2883 504 2950 Statuat
527 2883 701 2949 Concilium
723 2886 829 2950 omnia
852 2885 966 2950 Brevia
989 2884 1038 2949 vel
1061 2885 1220 2964 rescripta
1235 2882 1267 2948 S.
1280 2881 1377 2948 Sedis

209 2991 276 3037 rem
300 2971 564 3037 Matrimonialem
588 2974 775 3053 spectantia,
806 2991 939 3054 quorum
963 2973 1106 3037 executio
1130 2972 1301 3035 commissa
1323 2975 1376 3034 cst

209 3059 366 3143 Episcopo
389 3060 496 3140 ejusve
518 3060 643 3124 Vir-ario
675 3060 817 3140 generali
840 3066 895 3124 aut
925 3058 1060 3138 officiali,
1095 3057 1184 3124 Sede.
1203 3076 1261 3139 per
1289 3075 1377 3122 mor—

209 3153 273 3213 tem
305 3147 400 3228 hujus
430 3146 580 3228 Episcopi
609 3155 751 3226 vacante,
785 3148 957 3212 aVicario
987 3145 1163 3227 Capitulari
1189 3143 1371 3211 executioni

210 3235 280 3300 dari
302 3252 403 3315 posse.
1079 3246 1081 3252 ·

316 3337 370 3403 VI.
404 3337 531 3402 Statuat
553 3337 726 3404 Concilium
748 3338 874 3404 Vicario
897 3337 1082 3420 Capitulari,
1111 3337 1192 3404 Sede
1216 3336 1375 3414 Vacante.

211 3441 376 3490 concessas
411 3426 530 3490 censeri
563 3443 671 3490 omnes
697 3432 730 3490 et
759 3426 897 3507 singulas
930 3425 1097 3492 facultates
1130 3423 1307 3506 peculiares
1339 3427 1371 3488 et

210 3512 485 3592 extraordinarias,
521 3531 599 3594 quas
629 3514 661 3577 in
689 3532 724 3578 re
757 3513 982 3580 Matrimoniali
1012 3532 1032 3578 a
1059 3512 1089 3578 S.
1112 3512 1195 3578 Sede
1224 3512 1287 3577 sibi
1314 3511 1377 3575 iru-
1455 3535 1469 3543 ·

209 3603 390 3680 petraverat
400 3599 576 3681 Episcopus
589 3599 765 3680 defunctus,
779 3601 946 3667 dummodo
962 3619 1023 3666 nou
1038 3600 1230 3682 expiraverit
1245 3604 1375 3679 tempus

210 3686 251 3751 ad
272 3687 355 3768 quod
378 3705 546 3753 concessae
568 3686 705 3753 fuerunt.

255 3851 257 3858 s
317 3790 384 3855 VH.
408 3789 522 3856 Coram
538 3792 673 3857 Domino
696 3793 871 3873 expendere
893 3792 991 3858 velint
1005 3791 1076 3857 Rriri
1092 3789 1204 3856 Patres
1221 3788 1377 3856 Concilii:
1457 3800 1469 3834 ³

314 3878 352 3945 A.
387 3880 436 3942 Aa
460 3898 521 3945 non
545 3886 694 3962 suppetat
726 3881 777 3944 via
799 3898 870 3961 qua,
894 3879 1007 3946 saltem
1030 3897 1087 3961 pro
1110 3877 1289 3944 Ordinariis
1312 3877 1371 3942 hoc

209 3967 398 4046 petentibus,
432 3966 579 4048 abrogari
602 3966 715 4046 valeat,
750 3985 832 4048 quae
854 3969 959 4032 vocari
987 3966 1069 4032 solet
1098 3965 1376 4048 dispensationum

211 4059 285 4116 taxa
311 4070 368 4119 scu
403 4053 628 4136 componenda,
662 4055 695 4119 in
724 4054 867 4136 pluribus
901 4053 1082 4136 regionibus
1116 4053 1219 4119 nostri
1253 4052 1373 4117 saeculi

201 4137 385 4205 *nominibus
408 4147 475 4206 tam
497 4141 616 4206 odiosa.
654 4141 687 4206 si
709 4146 816 4207 autem
839 4141 898 4207 hoc
919 4138 989 4208 fieri
1010 4146 1155 4223 nequeat,
1178 4139 1294 4208 saltem
1317 4139 1378 4205 ad*

210 4224 320 4290 hibere
341 4226 438 4292 velint
453 4227 564 4294 Patres
587 4228 724 4294 medium
747 4247 809 4310 quo
824 4227 914 4294 fieret
936 4233 973 4293 ut
995 4230 1048 4310 qui
1070 4229 1218 4310 pinguem
1241 4227 1374 4292 solvunt

209 4318 317 4378 texam
340 4329 404 4378 uou
427 4315 516 4379 citius
539 4316 706 4381 obtineant
736 4317 1010 4398 dispensationem,
1045 4333 1139 4398 quam
1162 4315 1215 4394 qui
1238 4333 1377 4395 parvam
