2946 4942
527 336 566 382 llll
589 337 739 384 DOOE'RINA
762 336 939 386 ermonici.

634 526 770 594 CAPUT
794 530 831 595 V.

521 667 572 734 De
593 668 703 753 pretio
725 668 941 749 redemptoris.

259 823 411 904 Gratiam,
435 844 515 907 quae
537 833 669 908 propter
693 825 811 891 Christi
833 826 1051 908 Redemptoris
1079 827 1192 891 merita
1215 828 1312 893 dona-

150 915 211 990 tur,
236 910 382 976 Ecclesia
405 912 559 979 catholica
582 914 734 996 ejusmodi
758 931 828 980 esse
851 913 1026 995 profitetur,
1050 931 1109 996 per
1130 932 1225 994 quam
1248 934 1312 981 non

151 998 254 1064 solum
276 1019 297 1064 a
318 1002 438 1081 peccati
453 1003 605 1066 servitute
627 1009 660 1067 et
682 1008 838 1083 potestate
861 1002 980 1067 diaboli
994 1000 1173 1081 liberemur,
1198 1021 1309 1067 verum

152 1087 248 1151 etiam
271 1088 385 1169 spiritu
407 1090 522 1154 meotis
550 1095 679 1154 nostrae
702 1089 846 1154 renovati
865 1091 1024 1172 justitiam
1047 1093 1079 1153 et
1100 1091 1311 1170 sanctitatem,

152 1193 247 1255 quam
282 1175 385 1240 Adam
419 1177 579 1257 peccando
613 1178 673 1242 sibi
708 1185 740 1242 et
770 1176 860 1243 nobis
890 1177 1046 1259 perdidit,
1080 1194 1311 1258 recuperemus.

152 1262 262 1344 Neque
285 1264 384 1344 igitur
405 1263 485 1330 haec
507 1266 612 1346 gratia
634 1271 767 1331 naturae
789 1269 912 1328 tantum
935 1266 1018 1332 vires
1033 1271 1171 1345 reparat,
1195 1272 1232 1330 ιιι
1254 1285 1312 1348 per

152 1350 347 1432 eam'adjuti
364 1351 404 1415 ad
427 1351 601 1417 honestatis
616 1372 759 1418 normam
782 1370 886 1417 mores
909 1359 942 1416 et
965 1357 1055 1417 actus
1070 1357 1195 1417 nostros
1218 1353 1311 1435 plene

152 1455 341 1518 componere
370 1440 539 1520 possimus,
571 1441 625 1504 sed
649 1439 735 1506 ultra
761 1445 896 1506 naturae
917 1441 1070 1504 terminos
1103 1440 1144 1504 ad
1168 1440 1312 1506 coelestis

152 1525 288 1591 hominis
318 1526 337 1590 i.
362 1544 389 1594 e.
415 1525 532 1592 Christi
561 1529 730 1610 imaginem
753 1547 810 1593 nos
844 1526 1051 1594 transformat
1072 1527 1106 1591 in
1135 1545 1312 1610 novamque

152 1613 251 1679 vitam
275 1624 451 1695 regenerat.
496 1616 534 1678 ln
557 1614 683 1681 Christo
713 1617 796 1681 enim
819 1615 898 1680 Jesu
930 1616 1026 1695 elegit
1047 1633 1105 1680 nos
1128 1615 1214 1698 Deus
1238 1621 1313 1681 ante

152 1701 263 1766 mundi
286 1702 550 1781 constitutionem,
574 1709 608 1768 et
629 1704 876 1785 praedestinavit
897 1702 1071 1768 conformes
1093 1701 1162 1768 fieri
1184 1703 1313 1786 imagini

152 1788 224 1854 lilii
247 1789 310 1866 sui,
342 1795 378 1854 ut
400 1791 443 1854 sit
471 1790 539 1871 ipse
563 1791 792 1873 primogenitus
820 1792 854 1855 in
876 1790 984 1856 multis
1014 1789 1174 1858 iratribus.
1220 1792 1312 1858 Unde

152 1878 235 1944 banc
266 1877 359 1942 nobis
391 1878 578 1943 charitatem
607 1879 694 1944 dedit
719 1879 829 1958 Pater,
861 1887 899 1943 ut
920 1898 957 1944 ex
981 1880 1048 1942 Deo
1065 1879 1144 1959 ‚nati
1174 1876 1229 1944 filii
1253 1879 1313 1944 Dei

154 1965 352 2031 nominemur
374 1974 407 2029 et
429 1966 535 2033 simus
571 1967 641 2043 Qua
663 1967 790 2047 quidem
805 1965 941 2031 filiorum
962 1965 1132 2046 adoptione
1154 1967 1313 2031 redditum

153 2053 243 2119 nobis
269 2058 318 2116 est
339 2051 416 2117 illud
442 2053 565 2118 divinae
589 2060 722 2119 naturae
745 2055 948 2133 consortium,
973 2053 1057 2134 quod
1078 2072 1162 2119 nuuc
1184 2053 1313 2119 inchoa-

153 2146 221 2206 tum
244 2159 302 2222 per
324 2142 469 2221 gratiam,
497 2141 665 2222 aliquando
689 2141 960 2207 consummabitur
982 2143 1016 2206 in
1038 2141 1148 2223 gloria.
1193 2139 1313 2223 Spiritu

154 2247 228 2293 cero
252 2226 334 2306 Filii,
358 2246 452 2309 quem
474 2229 561 2294 Deus
591 2230 682 2294 misit
700 2231 733 2294 in
757 2231 853 2294 corda
874 2236 993 2306 nostra,
1016 2230 1105 2294 uncti
1128 2233 1161 2293 et
1184 2232 1312 2310 sacrati,

155 2314 306 2397 templum
329 2316 488 2396 quoddam
511 2316 635 2380 divinae
658 2318 835 2399 maJestatis
858 2315 1020 2396 efficimur,
1044 2318 1076 2382 in
1097 2334 1159 2397 quo
1174 2316 1314 2383 Trinitas

154 2409 356 2469 sacrosancta
378 2404 536 2480 habitare,
568 2421 665 2485 seque
694 2405 795 2486 ipsam
819 2406 942 2469 animae
972 2402 1057 2468 fideli
1084 2402 1313 2470 communicare

155 2493 314 2574 dignatur,
340 2491 464 2556 dicente
479 2489 606 2556 Christo
623 2491 769 2557 Domino:
792 2491 827 2555 Si
848 2492 918 2572 quis
936 2491 1039 2572 diligit
1053 2508 1113 2569 me,
1137 2508 1313 2556 sermonem

154 2597 258 2646 meum
282 2579 434 2658 servabit,
461 2583 495 2642 et
517 2579 614 2644 Pater
636 2596 724 2644 meus
747 2578 857 2658 diliget
879 2596 965 2658 eum,
997 2585 1030 2643 et
1052 2578 1094 2640 ad
1116 2597 1187 2642 eum
1210 2580 1314 2645 venie

154 2684 232 2748 mus,
257 2670 290 2731 et
312 2667 505 2731 mansionem
530 2667 614 2748 apud
638 2685 707 2730 eum
731 2666 879 2731 faciemus
902 2665 1009 2745 (Joan.
1038 2669 1085 2729 14.
1110 2669 1185 2743 23).

259 2753 367 2830 Quare
389 2754 448 2819 hoc
471 2754 788 2835 quoque'tenendum
813 2759 846 2818 et
867 2753 907 2817 ab
931 2754 1074 2819 omnibus
1098 2749 1217 2817 Christi
1238 2753 1313 2819 fide·

155 2841 235 2908 libus
260 2839 471 2923 profitendum
495 2846 552 2920 est,
576 2840 827 2907 sanctificantem
849 2841 990 2921 gratiam,
1014 2858 1076 2920 qua
1091 2839 1160 2905 Deo
1184 2843 1314 2924 conjun-

155 2930 265 3010 gimur,
296 2947 359 2994 non
381 2931 413 2993 in
438 2935 567 2994 externo
590 2935 715 2994 tantum
735 2929 842 2995 favore
865 2928 925 2992 Dei
948 2929 1128 3006 consistere,
1155 2945 1259 3008 neque
1281 2929 1313 2993 in

155 3018 278 3082 actibus
306 3022 431 3081 tantum
458 3017 738 3098 praetereuntibus
760 3016 908 3098 reperiri,
939 3016 996 3080 sed
1029 3032 1219 3096 permanens
1242 3033 1314 3081 esse

156 3104 270 3170 donum
294 3105 548 3186 supernaturale,
578 3106 662 3186 quod
686 3105 836 3169 divinitus
858 3102 996 3168 infusum
1016 3103 1139 3166 animae
1162 3101 1313 3184 inhaeret,

155 3196 217 3256 tam
242 3192 276 3256 in
300 3191 417 3257 adultis
430 3191 623 3275 justificatis,
648 3211 743 3274 quam
765 3194 798 3256 in
814 3189 987 3256 infantibus
1002 3191 1158 3272 baptismo
1181 3208 1314 3272 regene-
1406 3223 1413 3232 ‘

156 3281 243 3346 ratis.
277 3279 382 3345 ‘Haec
415 3279 549 3344 hominis
578 3299 635 3360 per
658 3282 855 3345 incarnatum
880 3278 1018 3344 Verbum
1049 3279 1214 3343 renovatio
1235 3278 1314 3343 illud

155 3372 201 3432 est
235 3369 422 3450 mysterium
456 3386 475 3430 a
508 3367 639 3432 saeculis
674 3367 905 3446 absconditum,
938 3384 999 3446 quo
1031 3367 1132 3458 Deus,
1167 3383 1248 3446 quae
1280 3368 1314 3430 in

153 3456 255 3606 primo
279 3455 381 3519 Adam
411 3455 597 3520 mirabiliter
622 3456 819 3534 condiderat,
851 3453 1027 3518 mirabilius
1049 3455 1081 3517 in
1104 3454 1241 3518 secundo
1265 3472 1314 3519 re·

165 3545 310 3608 ornravit.

259 3629 464 3712 Deploranda
494 3638 601 3694 autem
629 3648 737 3695 eorum
769 3637 817 3694 cst
841 3631 990 3708 caecitas,
1023 3628 1077 3708 qui
1100 3625 1221 3693 Christi
1242 3629 1314 3693 reli-

153 3718 259 3800 gione,
283 3717 368 3798 quod
390 3717 639 3798 supernaturalis
655 3719 705 3796 sit,
729 3723 861 3781 naturae
879 3716 1036 3781 humanae
1053 3715 1201 3796 dignitati
1223 3717 1313 3780 dero-

152 3805 231 3887 gari,
256 3823 390 3886 eamque
412 3804 552 3869 libertati
575 3824 612 3869 ac
634 3803 780 3869 felicitati
803 3807 913 3870 obesse
935 3805 1141 3869 arbitrantur.
1176 3802 1314 3867 Tantum

151 3893 238 3957 euim
270 3892 378 3970 abest,
412 3898 448 3955 ιιι
470 3892 548 3957 haec
577 3893 683 3958 divina
711 3893 870 3958 institutio
893 3890 1050 3957 hominem
1074 3890 1244 3970 deprimat,
1278 3897 1314 3954 ut

151 3998 227 4046 eum
250 3981 366 4044 mirum
387 3979 421 4044 in
442 3980 570 4045 modum
593 3980 720 4046 exaltet.
759 3980 787 4043 A
808 3981 933 4061 peccati
955 3981 1038 4044 enim
1060 3978 1212 4042 seruitute
1235 3975 1313 4041 libe-

150 4072 260 4132 ratum
284 4067 326 4132 ad
356 4067 524 4133 coelestem
554 4067 686 4149 gloriam
713 4069 758 4132 ita
781 4068 931 4148 disponit,
965 4073 1001 4132 ut
1031 4071 1165 4130 naturae
1187 4082 1313 4146 quoque

149 4157 246 4221 dotes
270 4158 371 4236 ornet,
395 4160 453 4220 aut
473 4153 624 4237 perficiat.
669 4155 778 4235 Neque
800 4157 904 4219 minus
930 4153 1072 4234 profecto
1096 4150 1313 4219 abhorrendus

150 4261 254 4324 error,
293 4260 355 4324 quo
385 4243 512 4324 quidam
542 4242 775 4323 supernaturali
803 4243 862 4306 Dei
894 4241 1083 4306 ordinationi
1115 4241 1331 4319 resistentes,

149 4332 241 4396 intra
270 4338 405 4395 naturae
428 4329 506 4396 fines
536 4332 649 4395 sistere
675 4347 778 4410 neque
797 4329 894 4395 ultra
915 4329 1008 4410 hujns
1038 4330 1120 4395 bona
1141 4328 1314 4409 quidquam

209 4449 337 4502 lartio,
356 4450 510 4494 Documenta
536 4449 599 4494 Edit.
613 4449 643 4492 11.
1190 4435 1205 4485 3
