2954 4936
611 341 650 386 os
673 340 852 390 orscnnmn.
1254 330 1316 393 l‘lli

156 445 452 560 multiplicarentur,
482 479 630 545 utnulla
654 479 720 561 jam
743 484 889 545 extarent
914 498 1089 564 pauperum
1113 484 1318 550 necessitates

155 568 189 630 et
210 566 366 717 misteriae
397 567 511 648 quibus
542 566 739 632 abundanter
762 586 786 632 a·
803 567 960 632 charitate
982 569 1138 636 catholice
1160 588 1223 637 non
1245 570 1319 637 suh-

155 671 262 718 venrre
277 671 325 718 nr.

631 858 842 868 η’*-

631 871 841 880 ——--—-—-—

558 1055 591 1135 2.
632 1050 899 1135 Possumne

184 1209 394 1290 consonat
417 1208 700 1276 oonrnomou
724 1207 1022 1276 nersooeonon
1044 1192 1320 1279 osannmas'

212 1314 441 1381 nestorem
463 1313 495 1380 s.
520 1311 717 1380 concreto
741 1311 1022 1381 osoomumoo
1045 1315 1260 1382 varicoso

587 1416 884 1485 esoeonsnon.

726 1609 749 1677 1.

264 1734 345 1811 Quia
375 1752 467 1798 omne
504 1751 612 1798 verum
649 1738 682 1797 et
716 1732 872 1797 sincerum
904 1732 1096 1798 reformandi
1129 1733 1269 1798 studium
1299 1750 1319 1799 s

157 1821 329 1902 semetipso
364 1820 564 1886 reformando
599 1820 722 1901 incipit,
758 1825 832 1885 ante
867 1821 972 1886 omnia
1005 1821 1070 1886 alia
1104 1823 1248 1904 petimus,
1282 1824 1319 1886 ut

158 1908 191 1974 S.
215 1907 361 1990 Synodus
383 1914 449 1973 tem
473 1908 646 1988 episcopis,
669 1925 763 1988 quam
780 1907 924 1972 omnibus
947 1906 1079 1974 clericis
1102 1927 1150 1986 ea,
1175 1925 1256 1989 quae
1278 1907 1320 1974 ad

159 1997 256 2061 vitam
279 2001 408 2061 sanctae
438 2012 514 2059 suae
538 1995 695 2061 vocationi
717 2013 890 2076 congruam
920 2001 954 2060 et
976 1995 1017 2060 ad
1039 1995 1178 2060 muneris
1202 1995 1251 2060 sui
1274 1993 1319 2060 of-

159 2082 231 2149 ficia
253 2083 441 2165 gravissima
470 2081 605 2147 fideliter
627 2081 787 2162 implenda
810 2087 969 2162 spectant,
1001 2083 1084 2147 serio
1107 2082 1255 2161 inculcet,
1288 2084 1319 2146 in

160 2170 265 2254 specie
297 2177 334 2235 ut
363 2170 528 2252 Episcopis
563 2175 596 2234 et
617 2168 840 2235 Sacerdotibus
872 2170 1088 2236 exercitiorum
1111 2168 1322 2252 spiritualium

160 2276 237 2323 usus
260 2257 392 2408 singulis
421 2256 471 2322 vel
494 2257 575 2321 binis
599 2257 689 2321 annis
712 2256 914 2338 repetendus,
944 2276 1002 2322 neo
1025 2276 1089 2323 non
1112 2257 1323 2323 conferentiae

160 2350 291 2428 pastore
305 2364 339 2410 es
372 2343 504 2427 singulis
538 2343 588 2408 vel
622 2344 756 2409 alternis
791 2344 951 2408 mensibus
986 2346 1199 2410 instituendae
1228 2350 1324 2433 etque

161 2432 228 2498 vita
250 2433 432 2497 clericorum
464 2432 637 2497 communis
660 2431 749 2496 enixe
784 2432 1052 2511 commendentur,
1086 2435 1121 2497 ut
1145 2437 1252 2498 certae
1274 2450 1324 2495 re·

161 2519 256 2602 gulae
294 2520 377 2585 eirea
414 2520 613 2585 sacerdotum
647 2537 717 2584 cum
750 2518 935 2583 mulieribus
969 2518 1245 2600 cohabitationem,
1284 2518 1325 2583 de

162 2607 313 2690 cauponis
342 2607 382 2672 ab
413 2607 525 2670 iisdem
558 2605 713 2683 vitandis
750 2604 789 2671 de
812 2605 1015 2687 dispositione
1045 2624 1141 2688 super
1171 2606 1263 2672 bonis
1286 2623 1326 2670 ex

164 2691 314 2760 beneficio
336 2693 386 2758 vel
402 2691 504 2759 officio
528 2693 741 2759 ecclesiastico
756 2693 1013 2775 provenientibus
1030 2693 1138 2760 debita
1161 2700 1228 2758 tam
1243 2693 1326 2758 inter

165 2782 253 2847 viros
274 2799 368 2863 quam
385 2782 495 2846 mortis
510 2798 616 2861 causa,
640 2781 680 2845 de
695 2780 886 2860 obligatione
901 2780 1030 2862 parochi
1046 2781 1130 2846 eirea
1145 2780 1327 2846 scholarum

165 2874 198 2934 et
218 2886 394 2951 pauperum
417 2887 525 2933 euram
548 2868 651 2933 denuo
675 2866 864 2932 definiantur
887 2873 919 2932 et
942 2869 1207 2948 praescribantur.

270 2954 349 3020 Cum
371 2956 494 3021 multae
514 2956 674 3021 dioeceses
697 2960 763 3020 tam
786 2953 910 3035 amplae
935 2957 1088 3033 existant,
1121 2961 1158 3019 ut
1180 2955 1329 3037 Episcopi

165 3040 261 3108 officii
283 3044 332 3108 sui
345 3052 455 3126 partes
478 3045 575 3108 etiam
590 3042 793 3124 gravissimas
810 3044 934 3106 omnino
957 3041 1089 3124 implere
1104 3059 1167 3106 non
1190 3041 1327 3122 valeant,

165 3131 310 3212 petimus,
335 3137 371 3195 ut
393 3130 571 3211 ubieunque
593 3128 662 3193 lieri
682 3130 829 3210 potuerit,
862 3129 1021 3195 dioeceses
1045 3130 1159 3194 nimiae
1181 3129 1330 3210 amphm-

166 3217 247 3281 dinis
270 3235 326 3299 per
360 3236 473 3282 novam
496 3217 818 3297 circumscriptionem
841 3217 888 3281 ita
909 3217 1143 3296 imminuantur,
1174 3221 1331 3297 quatenus

166 3303 316 3386 Episcopi
338 3305 483 3370 omnibus
506 3306 555 3369 sui
577 3302 673 3370 officii
691 3303 844 3385 partibus,
869 3303 982 3369 saltem
998 3305 1151 3386 gravioris
1174 3304 1331 3385 momenti,

166 3389 226 3475 ipsi
250 3389 436 3458 satisfacere
457 3393 590 3475 possint.

705 3584 743 3650 11.

274 3705 355 3781 Quia
379 3710 461 3769 teste
484 3705 514 3771 S.
540 3705 685 3770 Concilio
699 3706 886 3770 Tridentino
910 3705 941 3771 S.
960 3711 1010 3770 24.
1035 3705 1073 3769 de
1097 3703 1153 3768 ref.
1178 3722 1203 3768 c.
1228 3709 1257 3770 2.
1280 3721 1334 3767 ex·

167 3790 325 3872 perientia
346 3793 455 3872 docet,
490 3798 617 3873 propter
644 3793 895 3874 prohibitionum
918 3792 1150 3856 multitudinem
1173 3790 1335 3854 multoties

165 3878 200 3942 in
222 3878 349 3944 casibus
371 3878 538 3961 prohibitis
561 3886 750 3960 ignoranter
774 3879 920 3945 contrahi
936 3880 1147 3957 matrimonia,
1170 3874 1335 3957 inquibus

168 3964 218 4028 vel
240 3984 304 4031 non
327 3967 394 4031 sine
418 3985 533 4048 magno
556 3966 712 4031 seandalo
736 3973 969 4049 perseveratur,
1006 3965 1055 4029 vel
1078 3983 1159 4046 quae
1181 3981 1245 4028 non
1267 3963 1336 4029 sine

168 4052 278 4118 eodem
295 4054 493 4133 dirimuntur,
508 4055 575 4135 Jam
592 4053 770 4118 Concilium
786 4055 1004 4119 Lateranense
1027 4054 1082 4119 lll.
1107 4056 1140 4116 et
1162 4048 1336 4117 Concilium

168 4138 386 4205 Tridentinum
408 4142 602 4206 matrimonii
625 4142 854 4220 impedimenta
877 4143 1004 4205 diversa
1026 4140 1232 4222 abrogarunt.
1249 4196 1250 4200 ,
1270 4138 1337 4225 Ηογ
1436 4147 1445 4213 g

168 4226 278 4294 dierno
309 4234 415 4293 autem
447 4235 603 4315 tempore,
636 4233 700 4308 quo
728 4229 795 4310 jam
819 4226 1071 4311 plurimis‘loeis
1093 4226 1336 4307 matrimonium,

168 4316 254 4396 quod
275 4322 391 4382 vocant
407 4316 518 4397 'erile
532 4336 536 4343 ’
549 4333 607 4400 per
640 4315 860 4398 leges‘civiles
883 4316 1121 4397 praescriptum
1145 4320 1210 4396 est,
1241 4324 1337 4396 atque
