2946 4942
613 340 651 385 DE
674 340 854 388 DISCIPLINA.

522 599 590 682 15⁸.
631 597 933 682 resupinum

149 758 212 824 DE
227 756 554 824 CONFORMITATE
577 756 633 821 ET
648 755 834 822 UNITATE
849 756 894 822 IN
915 756 1159 823 RECITANDO
1175 757 1313 824 HORAS

328 860 563 928 GANONICAS
586 860 650 952 Ac,
664 859 950 926 CELEBRANDO
973 861 1139 928 MISSAM.

260 1002 413 1068 identitas
436 1020 472 1067 ec
496 1003 602 1067 unitas
624 1000 784 1066 Ecclesiae
806 1019 936 1082 prorsus
959 1002 1092 1083 requirit
1114 1002 1314 1069 identitatem

152 1107 194 1155 ac
214 1091 368 1154 unitatem
390 1087 480 1168 fidei,
510 1089 635 1154 dicente
657 1088 809 1170 Apostolo
843 1087 955 1167 „Uicus
972 1089 1077 1168 Deos,
1109 1110 1175 1154 uuo
1202 1091 1311 1170 fides.“
1343 1155 1347 1165 Δ

151 1176 261 1242 Haec'
278 1175 352 1241 fidei
386 1185 421 1240 et
453 1175 614 1241 Ecclesiae
644 1177 749 1241 unitas
782 1193 845 1240 nou
879 1176 1021 1257 proiecto
1047 1195 1104 1258 per
1133 1194 1167 1241 se
1194 1179 1315 1259 expetit

137 1264 354 1330 identitatem
378 1283 416 1329 ac
437 1263 635 1328 materialem
660 1265 815 1328 unitatem
836 1263 1007 1328 verborum
1029 1264 1062 1327 in
1084 1265 1214 1330 orando.
1252 1263 1316 1330 Sed

151 1369 250 1434 quam
285 1370 380 1434 porro
414 1353 625 1433 exoptandum
656 1349 752 1431 soret,
788 1351 882 1414 utin
916 1351 1047 1416 unisona
1078 1369 1154 1416 voce
1176 1353 1316 1416 omnium

152 1438 451 1504 Ecclesiasticorum
472 1457 530 1520 per
546 1437 662 1517 orbem,
687 1438 763 1502 dum
778 1439 894 1519 septies
918 1440 950 1502 in
967 1439 1051 1504 diem
1065 1437 1190 1502 laudem
1208 1438 1316 1504 dicunt

152 1526 233 1606 Deo,
256 1531 460 1590 essetecum
483 1545 545 1603 cor,
579 1546 678 1589 uuum
701 1545 743 1603 os,
766 1546 834 1589 uuo
857 1532 886 1589 et
909 1526 1017 1589 eadem
1032 1526 1237 1605 praedicatio
1260 1527 1314 1605 (ut

152 1613 261 1677 verbIs
283 1618 356 1677 utar
382 1613 414 1677 S.
437 1614 519 1678 Iren.
553 1613 606 1676 lib.
633 1619 660 1676 1.
692 1631 758 1693 cap.
787 1612 877 1695 10.)?
911 1617 942 1676 et
972 1613 1046 1677 dum
1073 1631 1135 1677 una
1167 1621 1216 1678 est
1238 1612 1316 1678 fides

153 1701 309 1776 mentium
332 1705 366 1764 et
387 1700 491 1783 pietas
515 1700 688 1778 actionum,
720 1717 784 1763 una
806 1700 903 1764 etiam
932 1700 1015 1765 foret
1037 1698 1223 1780 supplicatio
1247 1719 1316 1766 ver-

152 1787 293 1854 borum?
337 1786 387 1851 Ex
409 1805 447 1852 eo
469 1787 579 1868 procul
610 1787 704 1853 dubio
728 1787 877 1867 eveniret,
902 1788 985 1868 quod
1007 1784 1222 1868 confidentius,
1247 1788 1315 1870 dig-
1353 1810 1359 1821 ·

152 1876 298 1955 niusque,
323 1893 370 1955 ac,
394 1875 504 1955 dicam
528 1875 642 1953 verius,
666 1872 856 1955 respondere
871 1893 1033 1956 possemus
1056 1876 1315 1957 obJurgatoribus

153 1961 317 2027 Ecclesiae
341 1960 539 2027 Catholicae:
568 1959 742 2040 ,Catholici
765 1961 909 2041 dicimur,
933 1963 1007 2043 quia
1036 1962 1129 2028 corde
1152 1963 1316 2044 credimus,
1340 1960 1343 1964 ’

153 2068 212 2115 ore
235 2048 427 2130 confitemur,
452 2055 485 2114 et
501 2049 542 2113 ud
565 2049 699 2113 salutem
714 2049 925 2131 adprecamur
946 2050 1030 2115 idem
1045 2049 1130 2131 quod
1152 2052 1317 2115 universus

153 2137 320 2202 mundus.“
381 2135 605 2201 Pervetustum
639 2141 688 2200 est
721 2136 870 2218 adagium
903 2138 936 2201 in
971 2136 1118 2203 Ecclesia
1151 2136 1316 2216 ,Formam

153 2224 310 2308 precandi
333 2224 500 2306 designare
520 2223 654 2289 formam
677 2224 854 2290 credendi.“

261 2310 312 2376 Ad
341 2329 435 2391 quem
466 2328 595 2392 scopum
628 2311 848 2390 obtinendum,
878 2330 942 2377 non
964 2310 1075 2376 melius
1103 2310 1252 2391 fortasse,
1284 2312 1318 2377 in

154 2400 219 2463 mei
241 2399 406 2479 sententia,
429 2416 596 2464 occurrere
619 2416 798 2478 possumus,
822 2417 918 2479 quam
941 2397 1193 2462 conformitatem
1215 2399 1318 2463 unita·

154 2492 285 2566 temque
309 2485 451 2550 stabilire
466 2485 625 2550 Horarum
642 2485 864 2550 canonicarum
886 2487 919 2549 in
941 2485 1104 2550 recitando
1120 2485 1317 2550 Breviarium

155 2589 195 2637 ee
220 2571 408 2638 celebrando
440 2573 584 2652 Missam;
617 2573 825 2638 reformatum
853 2572 1049 2638 Breviarium
1071 2572 1191 2654 ipsum,
1223 2581 1318 2654 prout

154 2661 191 2723 in
212 2658 296 2723 votis
319 2664 368 2724 est
389 2658 616 2742 Episcopatus,
650 2660 805 2725 ucetiam
830 2658 1003 2725 Concilium
1026 2659 1245 2725 Tridentinum
1269 2678 1318 2724 or·

154 2745 333 2825 dinaverat,
357 2760 534 2827 proponere
556 2746 636 2811 illud
652 2745 779 2812 Clericis
802 2749 955 2826 omuibus,
979 2745 1202 2828 cujuscumque
1224 2748 1314 2826 ritus,

156 2835 383 2916 cujuscumque
406 2831 616 2915 professionis,
644 2837 743 2901 ctiam
765 2834 984 2916 Regulambus,
1016 2833 1055 2898 de
1076 2839 1247 2916 praecepto
1269 2853 1318 2898 re·

157 2920 330 2987 citandum.
382 2919 449 2984 Oh!
481 2938 574 3001 quam
605 2924 721 2986 bonum
749 2925 782 2986 et
804 2940 899 3002 quam
926 2922 1098 3003 jucundum
1122 2923 1154 2985 in
1177 2921 1317 2986 Ecclesia

158 3007 335 3087 Catholice,
367 3008 401 3072 in
424 3026 479 3072 ore
501 3009 641 3073 omnium
663 3008 966 3088 Ecclesiasticorum‚
999 3009 1108 3073 eadem
1131 3011 1227 3074 verba
1249 3027 1319 3089 pre-

158 3096 327 3175 cationum,
358 3094 484 3160 eosdem
507 3095 653 3178 hymnos,
686 3096 857 3176 eademque
881 3097 1019 3174 cantica,
1048 3095 1180 3160 diversis
1202 3095 1318 3176 linguis

159 3199 317 3264 expressa,
339 3184 508 3247 resonare!

265 3267 348 3346 Quid
372 3287 388 3333 e
416 3275 528 3335 contra
559 3271 684 3335 evenire
713 3271 878 3335 videmus?
930 3271 1014 3348 Quot
1042 3274 1117 3334 sunt
1140 3269 1318 3345 Dioeceses‚

160 3363 191 3421 et
213 3357 247 3420 in
275 3356 351 3435 ipsis
375 3356 579 3421 Dioecesibus
607 3364 684 3437 quot
707 3366 781 3422 sunt
811 3359 946 3424 Ordines
975 3357 1167 3438 regularium
1192 3357 1317 3433 diversi,

159 3446 207 3507 tot
229 3450 306 3506 sunt
327 3444 499 3508 varietates
520 3449 589 3507 tum
615 3447 648 3508 in
670 3445 833 3509 recitando
856 3451 924 3527 tum
946 3445 980 3508 in
1003 3444 1201 3509 celebrando.
1248 3443 1319 3507 Duo

159 3529 209 3595 vel
233 3528 339 3613 plures
367 3530 568 3595 inveniantur
598 3530 710 3596 Clerici
741 3538 831 3597 extra
858 3551 949 3597 suam
971 3532 1162 3610 Dioecesim,
1194 3531 1248 3611 qui
1270 3549 1320 3594 re-

161 3618 259 3682 citare
282 3615 422 3682 habeant
449 3637 486 3683 ac
517 3618 691 3698 celebrare,
723 3638 787 3684 non
809 3626 942 3700 possunt
972 3620 1107 3684 recitare
1130 3617 1224 3682 simul
1247 3619 1320 3697 quia

161 3704 319 3770 diversum
342 3722 399 3785 pro
422 3703 503 3769 festo
527 3706 646 3769 babent
668 3704 827 3785 Sanctum,
852 3724 914 3770 uon
937 3712 1071 3787 possunt
1093 3706 1205 3770 iisdem
1227 3723 1320 3786 para-

161 3792 274 3856 mentis
298 3792 439 3873 ejusdem
467 3792 578 3856 coloris
610 3793 784 3871 celebrare,
817 3811 897 3874 quae
932 3811 1003 3857 cum
1036 3790 1138 3857 officio
1161 3811 1223 3855 non
1247 3809 1321 3855 con-

161 3880 302 3944 cordant.
348 3878 391 3943 Et
413 3878 486 3943 iude
509 3880 656 3944 conlusio.

267 3965 469 4047 Quapropter
483 3985 700 4047 proponerem,
713 3966 746 4028 in
762 3965 910 4029 universa
920 3965 1063 4029 Ecclesia
1079 3964 1192 4029 saltem
1206 3965 1323 4029 Latina

162 4071 258 4116 unum
281 4054 425 4133 idemque
449 4051 583 4117 officium
607 4053 751 4117 omnibus
774 4050 913 4130 Clericis,
942 4070 1004 4116 uon
1027 4052 1161 4116 exclusis
1184 4052 1321 4133 Regula-

162 4140 264 4220 ribus,
293 4141 326 4203 in
348 4139 511 4205 Breviario
544 4140 716 4221 designari,
751 4142 783 4201 et
810 4139 849 4202 de
876 4156 913 4203 eo
941 4140 1043 4203 teneri
1065 4157 1320 4220 unumquemque

162 4228 303 4305 recitare
318 4227 422 4292 Horas
445 4228 620 4307 canonicas,
636 4227 858 4305 celebrareque
873 4225 1011 4304 Missam,
1035 4244 1099 4290 nou
1120 4227 1321 4292 obstantibus

162 4313 333 4396 privilegiis
356 4333 437 4393 quae
453 4321 650 4380 revocantur.
689 4313 800 4390 Quoad
816 4312 948 4378 Sauctos
964 4323 1043 4378 vero
1065 4315 1210 4395 proprios
1227 4315 1319 4379 Dioe-

214 4432 506 4479 Mercriunooumenru
535 4435 594 4474 Euit.
612 4434 640 4474 ll.
1179 4421 1212 4470 14
