2946 4942
549 335 589 382 oa
612 335 711 385 nanos
734 336 925 387 nonninus.
1252 327 1312 388 123

153 474 295 541 diuturni
326 474 495 556 temporis,
533 475 684 556 quamdiu
716 474 866 557 Ecclesia,
898 477 949 542 vel
978 475 1125 544 Summus
1159 479 1313 560 Pontifex,

149 562 305 714 jndicfiium
336 560 475 642 differat,
512 563 722 628 restitutionis
755 566 844 630 oneri
878 565 1039 647 implendo
1070 567 1207 649 impares
1240 586 1315 650 pus·

152 652 213 716 sim
260 656 325 715 unt.

259 737 457 818 Quapropter
476 737 600 801 videtur
621 737 655 802 in
677 735 738 803 hac
753 756 866 803 caussa
880 738 1061 820 supremum
1080 740 1236 823 judicium
1250 758 1314 807 non

151 841 246 907 posse
278 825 395 889 diutins
423 825 588 903 contineri,
622 830 704 889 tum
721 826 795 906 quia
828 844 891 891 non
918 826 1025 908 agitur
1055 827 1094 892 de
1123 828 1249 894 Ritibus
1273 829 1315 894 ad

151 912 260 976 Divini
284 911 394 977 Cultus
422 912 591 976 essentiam
614 930 677 976 non
705 913 921 994 spectantibus
951 913 1026 996 (qno
1049 914 1082 978 in
1105 933 1195 994 casu,
1226 915 1315 982 salva

150 998 242 1064 Fidei
265 1017 301 1063 ac
331 1017 453 1064 morum
476 999 645 1078 Doctrina,
680 1007 813 1083 possunt
836 1001 973 1066 Decreta
1003 1002 1044 1067 ad
1067 1001 1196 1085 longum
1220 1004 1315 1069 etiam

151 1092 277 1169 tempus
301 1085 443 1169 differri),
467 1086 524 1152 sed
547 1085 586 1150 de
609 1089 836 1152 commutativa
856 1087 990 1168 justitia,
1015 1089 1104 1170 quus
1127 1090 1263 1170 violatio,
1287 1091 1314 1154 si

152 1178 255 1252 extat,
285 1174 494 1239 restitutionis
516 1191 596 1238 onus
618 1173 754 1254 inducit,
787 1177 837 1240 cui
860 1194 956 1255 quam
987 1176 1082 1240 citius
1105 1176 1200 1242 debet
1222 1178 1314 1242 satis-

151 1260 239 1338 fieri3
268 1265 336 1325 turn
360 1262 434 1341 quia
455 1265 561 1325 tractu
582 1262 749 1343 temporis,
779 1267 816 1327 ut
837 1263 932 1343 paulo
956 1269 1031 1328 ante
1055 1267 1104 1328 est
1127 1265 1320 1346 expositum,

151 1366 255 1429 neque
278 1353 474 1427 mutuanteS,
503 1365 604 1428 neque
627 1347 795 1429 haeredes,
825 1351 851 1414 si
873 1347 955 1414 forte
977 1354 1155 1430 teneantur,
1186 1351 1314 1417 restitu-

151 1437 231 1501 tioni
254 1434 417 1500 faciendae
439 1437 639 1499 invenientur
654 1454 757 1517 pares.
1226 1435 1228 1439 ’

260 1522 380 1600 Quibus
411 1523 549 1588 breviter
578 1523 742 1605 expositis,
773 1524 1037 1606 Archiepiscopus
1067 1529 1175 1590 orator
1204 1523 1315 1591 Sacro·

151 1616 297 1676 sanctum
320 1611 507 1675 Vaticanum
531 1608 720 1690 Concilium,
752 1628 809 1675 seu
838 1612 1018 1676 universam
1040 1611 1215 1676 Ecclesiam
1241 1630 1314 1678 con-

150 1702 316 1780 gregatam
330 1697 491 1762 humiliter
501 1696 678 1780 appellans
693 1715 789 1778 super
805 1698 956 1780 expositis
968 1716 1149 1780 supremum
1160 1699 1314 1781 judicium

152 1790 317 1868 expectat3
346 1802 477 1866 cumque
498 1786 569 1865 ipsa
592 1801 612 1849 a
636 1784 754 1866 Spiritu
776 1786 920 1852 veritatis
942 1789 1082 1868 regatur,
1113 1791 1146 1850 et
1169 1786 1314 1852 columna

152 1890 191 1938 ac
214 1870 446 1937 firmamentum
477 1872 519 1936 sit
541 1872 701 1951 veritatis,
732 1873 857 1938 nonnisi
887 1873 1063 1938 catholicae
1090 1873 1217 1938 veritati
1240 1891 1314 1938 con-

151 1978 267 2044 gruum
285 1960 439 2041 ,iudicium
463 1958 702 2039 expectandum.

259 2048 427 2130 Superest,
459 2052 498 2111 ut
519 2045 636 2112 Orator
659 2046 937 2128 archiepiscopus,
965 2047 1096 2128 genibus
1118 2046 1313 2128 provolutus,

150 2134 348 2200 Beatitudini
361 2134 448 2199 Tuae
470 2133 567 2215 pedes
591 2134 803 2199 deosculando
826 2131 1021 2215 profiteatur,
1045 2153 1064 2198 a
1086 2133 1131 2197 Te
1152 2140 1314 2215 tamquam

150 2221 250 2287 Petra
283 2239 408 2286 ornnem
441 2219 602 2287 Ecclesiae
636 2221 889 2303 praerogativam
922 2221 1080 2299 derivare3
1114 2239 1248 2303 cumque
1280 2221 1313 2285 in

150 2309 240 2374 Petri
261 2327 398 2390 persona
425 2308 483 2373 tibi
506 2308 579 2374 olim
608 2327 628 2372 a
651 2308 777 2373 Christo
808 2308 927 2373 dictum
950 2307 1046 2373 fuerit
1063 2327 1127 2388 pro
1151 2313 1180 2373 te
1201 2308 1315 2389 rapaci

150 2402 274 2461 utnon
297 2396 423 2475 deficiat
445 2395 545 2461 Fides
568 2400 633 2473 tao,
663 2395 749 2460 aTe
772 2395 941 2477 praecipue
963 2412 1141 2476 supremum
1161 2393 1314 2476 judicium

151 2483 235 2548 sicud
257 2484 290 2547 in
312 2484 457 2565 exposita
479 2501 602 2561 caussa,
625 2484 670 2547 ita
691 2484 723 2547 in
747 2483 900 2561 omnibus,
924 2500 1005 2562 quae
1027 2481 1069 2546 ad
1091 2480 1200 2547 Eidem
1224 2499 1315 2562 spec·

151 2575 232 2651 tant,
257 2588 321 2635 una
344 2589 415 2635 cum
430 2571 579 2637 universa
593 2569 737 2635 Ecclesia
751 2568 985 2651 praestoletur3
1008 2574 1125 2634 etcum
1148 2569 1218 2650 ipsa
1239 2568 1315 2649 sulii

151 2660 294 2724 amotam
318 2657 362 2720 Te
384 2675 557 2741 agnoscens
580 2676 618 2722 ac
640 2655 777 2722 feliciter
791 2656 979 2738 praedicans
1000 2655 1162 2721 humiliter
1184 2656 1322 2721 demum.

153 2762 188 2810 se
211 2745 400 2810 subscribat.

257 2848 417 2932 Hydrunti
440 2849 490 2915 die
515 2852 568 2914 28.
592 2848 736 2916 ianuarii
762 2853 857 2914 1870.

451 2992 473 3072 ’γ
496 2989 679 3054 Vincentius
702 2988 844 3055 Andreas
866 2988 1015 3069 Archiep.
1039 2987 1269 3071 Hydruntinus
