<?xml version="1.0" encoding="UTF-8"?>
<!DOCTYPE html PUBLIC "-//W3C//DTD XHTML 1.0 Transitional//EN"
    "http://www.w3.org/TR/xhtml1/DTD/xhtml1-transitional.dtd">
<html xmlns="http://www.w3.org/1999/xhtml" xml:lang="en" lang="en">
 <head>
  <title>
</title>
<meta http-equiv="Content-Type" content="text/html;charset=utf-8" />
  <meta name='ocr-system' content='tesseract 3.04.00' />
  <meta name='ocr-capabilities' content='ocr_page ocr_carea ocr_par ocr_line ocrx_word'/>
</head>
<body>
  <div class='ocr_page' id='page_1' title='image "./omniumconciliiv01martgoog_0069.png"; bbox 0 0 2954 4936; ppageno 0'>
   <div class='ocr_carea' id='block_1_1' title="bbox 166 313 827 374">
    <p class='ocr_par' dir='ltr' id='par_1_1' title="bbox 166 313 827 374">
     <span class='ocr_line' id='line_1_1' title="bbox 166 313 827 374; baseline -0.003 0"><span class='ocrx_word' id='word_1_1' title='bbox 166 313 208 374; x_wconf 83' lang='grc'>64</span> <span class='ocrx_word' id='word_1_2' title='bbox 658 325 827 374; x_wconf 68' lang='lat' dir='ltr'>roseumve</span> 
     </span>
    </p>
   </div>
   <div class='ocr_carea' id='block_1_2' title="bbox 131 463 1372 1249">
    <p class='ocr_par' dir='ltr' id='par_1_2' title="bbox 131 463 1372 1249">
     <span class='ocr_line' id='line_1_2' title="bbox 165 463 1372 546; baseline -0.005 -16"><span class='ocrx_word' id='word_1_3' title='bbox 165 466 226 531; x_wconf 84' lang='lat' dir='ltr'>Dei</span> <span class='ocrx_word' id='word_1_4' title='bbox 247 467 442 544; x_wconf 87' lang='lat' dir='ltr'>intuitivam‚</span> <span class='ocrx_word' id='word_1_5' title='bbox 478 483 588 530; x_wconf 90' lang='lat' dir='ltr'>verum</span> <span class='ocrx_word' id='word_1_6' title='bbox 619 467 714 530; x_wconf 90' lang='lat' dir='ltr'>etiam</span> <span class='ocrx_word' id='word_1_7' title='bbox 746 465 883 546; x_wconf 91' lang='lat' dir='ltr'>idipsum</span> <span class='ocrx_word' id='word_1_8' title='bbox 912 463 1100 531; x_wconf 88' lang='lat' dir='ltr'>confirmant</span> <span class='ocrx_word' id='word_1_9' title='bbox 1133 463 1325 530; x_wconf 88' lang='lat' dir='ltr'>auctoritate</span> <span class='ocrx_word' id='word_1_10' title='bbox 1371 521 1372 524; x_wconf 74' lang='grc'>,</span> 
     </span>
     <span class='ocr_line' id='line_1_3' title="bbox 164 549 1325 620; baseline -0.005 0"><span class='ocrx_word' id='word_1_11' title='bbox 164 551 295 620; x_wconf 91' lang='lat' dir='ltr'>Concilii</span> <span class='ocrx_word' id='word_1_12' title='bbox 316 552 503 618; x_wconf 83' lang='lat' dir='ltr'>Viennensis</span> <span class='ocrx_word' id='word_1_13' title='bbox 527 572 575 619; x_wconf 88' lang='lat' dir='ltr'>an.</span> <span class='ocrx_word' id='word_1_14' title='bbox 611 557 694 619; x_wconf 86' lang='lat'>1300</span> <span class='ocrx_word' id='word_1_15' title='bbox 718 554 775 618; x_wconf 89' lang='lat' dir='ltr'>sub</span> <span class='ocrx_word' id='word_1_16' title='bbox 799 551 960 619; x_wconf 82' lang='lat' dir='ltr'>Clemente</span> <span class='ocrx_word' id='word_1_17' title='bbox 984 553 1021 620; x_wconf 94' lang='lat' dir='ltr'>V.</span> <span class='ocrx_word' id='word_1_18' title='bbox 1046 552 1207 620; x_wconf 86' lang='lat' dir='ltr'>celebrati.</span> <span class='ocrx_word' id='word_1_19' title='bbox 1253 549 1325 615; x_wconf 89' lang='lat' dir='ltr'>Hoc</span> 
     </span>
     <span class='ocr_line' id='line_1_4' title="bbox 131 640 1325 721; baseline -0.004 -14"><span class='ocrx_word' id='word_1_20' title='bbox 131 640 141 668; x_wconf 72' lang='grc'>’·</span> <span class='ocrx_word' id='word_1_21' title='bbox 165 640 339 707; x_wconf 82' lang='lat' dir='ltr'>Concilium</span> <span class='ocrx_word' id='word_1_22' title='bbox 372 640 555 720; x_wconf 87' lang='lat' dir='ltr'>Bcguardos</span> <span class='ocrx_word' id='word_1_23' title='bbox 590 641 765 718; x_wconf 87' lang='lat' dir='ltr'>damnavit,</span> <span class='ocrx_word' id='word_1_24' title='bbox 800 642 854 721; x_wconf 89' lang='lat' dir='ltr'>qui</span> <span class='ocrx_word' id='word_1_25' title='bbox 888 640 1049 706; x_wconf 81' lang='lat' dir='ltr'>dicebant:</span> <span class='ocrx_word' id='word_1_26' title='bbox 1092 640 1224 720; x_wconf 82' lang='lat' dir='ltr'>„Anima</span> <span class='ocrx_word' id='word_1_27' title='bbox 1259 655 1325 702; x_wconf 92' lang='lat' dir='ltr'>non</span> 
     </span>
     <span class='ocr_line' id='line_1_5' title="bbox 164 725 1324 811; baseline -0.003 -19"><span class='ocrx_word' id='word_1_28' title='bbox 164 729 286 811; x_wconf 83' lang='lat' dir='ltr'>indiget</span> <span class='ocrx_word' id='word_1_29' title='bbox 318 728 434 791; x_wconf 92' lang='lat' dir='ltr'>iumine</span> <span class='ocrx_word' id='word_1_30' title='bbox 467 727 586 810; x_wconf 88' lang='lat' dir='ltr'>gloriae</span> <span class='ocrx_word' id='word_1_31' title='bbox 619 728 721 810; x_wconf 85' lang='lat' dir='ltr'>ipsam</span> <span class='ocrx_word' id='word_1_32' title='bbox 754 727 898 793; x_wconf 84' lang='lat' dir='ltr'>elevante</span> <span class='ocrx_word' id='word_1_33' title='bbox 931 729 973 794; x_wconf 91' lang='lat' dir='ltr'>od</span> <span class='ocrx_word' id='word_1_34' title='bbox 994 728 1164 793; x_wconf 91' lang='lat' dir='ltr'>videndum</span> <span class='ocrx_word' id='word_1_35' title='bbox 1188 725 1324 790; x_wconf 76' lang='lat' dir='ltr'>Deum.“</span> 
     </span>
     <span class='ocr_line' id='line_1_6' title="bbox 164 811 1326 898; baseline -0.003 -18"><span class='ocrx_word' id='word_1_36' title='bbox 164 815 233 893; x_wconf 85' lang='lat' dir='ltr'>Quo</span> <span class='ocrx_word' id='word_1_37' title='bbox 256 816 442 896; x_wconf 90' lang='lat' dir='ltr'>praemisso,</span> <span class='ocrx_word' id='word_1_38' title='bbox 466 816 512 880; x_wconf 90' lang='lat' dir='ltr'>sic</span> <span class='ocrx_word' id='word_1_39' title='bbox 536 815 734 898; x_wconf 90' lang='lat' dir='ltr'>arguendum</span> <span class='ocrx_word' id='word_1_40' title='bbox 756 814 897 882; x_wconf 87' lang='lat' dir='ltr'>videtur:</span> <span class='ocrx_word' id='word_1_41' title='bbox 932 815 1026 881; x_wconf 87' lang='lat' dir='ltr'>Certe</span> <span class='ocrx_word' id='word_1_42' title='bbox 1057 815 1176 880; x_wconf 80' lang='lat' dir='ltr'>lumine</span> <span class='ocrx_word' id='word_1_43' title='bbox 1198 811 1326 897; x_wconf 74' lang='lat' dir='ltr'>gloriae</span> 
     </span>
     <span class='ocr_line' id='line_1_7' title="bbox 164 900 1323 984; baseline 0 -18"><span class='ocrx_word' id='word_1_44' title='bbox 164 922 226 969; x_wconf 93' lang='lat' dir='ltr'>non</span> <span class='ocrx_word' id='word_1_45' title='bbox 255 903 389 984; x_wconf 88' lang='lat' dir='ltr'>amplius</span> <span class='ocrx_word' id='word_1_46' title='bbox 422 903 542 983; x_wconf 82' lang='lat' dir='ltr'>indiget</span> <span class='ocrx_word' id='word_1_47' title='bbox 570 903 727 967; x_wconf 90' lang='lat' dir='ltr'>humanus</span> <span class='ocrx_word' id='word_1_48' title='bbox 756 902 938 968; x_wconf 88' lang='lat' dir='ltr'>intellectus</span> <span class='ocrx_word' id='word_1_49' title='bbox 967 908 1004 967; x_wconf 91' lang='lat' dir='ltr'>ut</span> <span class='ocrx_word' id='word_1_50' title='bbox 1025 903 1066 967; x_wconf 89' lang='lat' dir='ltr'>ad</span> <span class='ocrx_word' id='word_1_51' title='bbox 1089 903 1149 968; x_wconf 93' lang='lat' dir='ltr'>Dei</span> <span class='ocrx_word' id='word_1_52' title='bbox 1171 900 1323 966; x_wconf 83' lang='lat' dir='ltr'>visionem</span> 
     </span>
     <span class='ocr_line' id='line_1_8' title="bbox 163 989 1325 1073; baseline -0.003 -18"><span class='ocrx_word' id='word_1_53' title='bbox 163 991 339 1073; x_wconf 83' lang='lat' dir='ltr'>perveniat,</span> <span class='ocrx_word' id='word_1_54' title='bbox 373 991 399 1054; x_wconf 92' lang='lat' dir='ltr'>si</span> <span class='ocrx_word' id='word_1_55' title='bbox 421 990 500 1055; x_wconf 92' lang='lat' dir='ltr'>visio</span> <span class='ocrx_word' id='word_1_56' title='bbox 523 991 583 1054; x_wconf 91' lang='lat' dir='ltr'>Dci</span> <span class='ocrx_word' id='word_1_57' title='bbox 606 996 656 1056; x_wconf 90' lang='lat' dir='ltr'>est</span> <span class='ocrx_word' id='word_1_58' title='bbox 678 990 738 1071; x_wconf 92' lang='lat' dir='ltr'>ipsi</span> <span class='ocrx_word' id='word_1_59' title='bbox 761 990 932 1068; x_wconf 88' lang='lat' dir='ltr'>naturalis,</span> <span class='ocrx_word' id='word_1_60' title='bbox 961 996 998 1055; x_wconf 90' lang='lat' dir='ltr'>ut</span> <span class='ocrx_word' id='word_1_61' title='bbox 1019 996 1118 1072; x_wconf 87' lang='lat' dir='ltr'>patet.</span> <span class='ocrx_word' id='word_1_62' title='bbox 1164 989 1269 1070; x_wconf 87' lang='lat' dir='ltr'>Igitur·</span> <span class='ocrx_word' id='word_1_63' title='bbox 1291 1001 1325 1052; x_wconf 83' lang='lat' dir='ltr'>et</span> 
     </span>
     <span class='ocr_line' id='line_1_9' title="bbox 162 1075 1325 1158; baseline -0.003 -16"><span class='ocrx_word' id='word_1_64' title='bbox 162 1078 334 1143; x_wconf 91' lang='lat' dir='ltr'>incurritur</span> <span class='ocrx_word' id='word_1_65' title='bbox 357 1079 517 1143; x_wconf 87' lang='lat' dir='ltr'>damnatio</span> <span class='ocrx_word' id='word_1_66' title='bbox 533 1075 672 1157; x_wconf 87' lang='lat' dir='ltr'>Concilii,</span> <span class='ocrx_word' id='word_1_67' title='bbox 696 1081 728 1142; x_wconf 88' lang='lat' dir='ltr'>ct</span> <span class='ocrx_word' id='word_1_68' title='bbox 750 1078 828 1144; x_wconf 89' lang='lat' dir='ltr'>visio</span> <span class='ocrx_word' id='word_1_69' title='bbox 849 1075 996 1144; x_wconf 88' lang='lat' dir='ltr'>beatifica</span> <span class='ocrx_word' id='word_1_70' title='bbox 1017 1096 1080 1143; x_wconf 90' lang='lat' dir='ltr'>non</span> <span class='ocrx_word' id='word_1_71' title='bbox 1104 1079 1164 1143; x_wconf 92' lang='lat' dir='ltr'>erit</span> <span class='ocrx_word' id='word_1_72' title='bbox 1187 1075 1325 1158; x_wconf 84' lang='lat' dir='ltr'>amplius</span> 
     </span>
     <span class='ocr_line' id='line_1_10' title="bbox 164 1165 1137 1249; baseline -0.002 -18"><span class='ocrx_word' id='word_1_73' title='bbox 164 1165 423 1249; x_wconf 88' lang='lat' dir='ltr'>supernaturalis.</span> <span class='ocrx_word' id='word_1_74' title='bbox 468 1165 557 1230; x_wconf 88' lang='lat' dir='ltr'>Haec</span> <span class='ocrx_word' id='word_1_75' title='bbox 580 1165 728 1229; x_wconf 89' lang='lat' dir='ltr'>videntur</span> <span class='ocrx_word' id='word_1_76' title='bbox 750 1184 807 1245; x_wconf 91' lang='lat' dir='ltr'>per</span> <span class='ocrx_word' id='word_1_77' title='bbox 830 1184 864 1231; x_wconf 87' lang='lat' dir='ltr'>se</span> <span class='ocrx_word' id='word_1_78' title='bbox 881 1165 1057 1231; x_wconf 81' lang='lat' dir='ltr'>manifesta.</span> <span class='ocrx_word' id='word_1_79' title='bbox 1134 1207 1137 1213; x_wconf 89' lang='lat'><em>-</em></span> 
     </span>
    </p>
   </div>
   <div class='ocr_carea' id='block_1_3' title="bbox 725 1357 761 1423">
    <p class='ocr_par' dir='ltr' id='par_1_3' title="bbox 725 1357 761 1423">
     <span class='ocr_line' id='line_1_11' title="bbox 725 1357 761 1423; baseline 0.056 -2"><span class='ocrx_word' id='word_1_80' title='bbox 725 1357 761 1423; x_wconf 89' lang='lat' dir='ltr'>V.</span> 
     </span>
    </p>
   </div>
   <div class='ocr_carea' id='block_1_4' title="bbox 162 1478 1328 2420">
    <p class='ocr_par' dir='ltr' id='par_1_4' title="bbox 162 1478 1328 2420">
     <span class='ocr_line' id='line_1_12' title="bbox 268 1478 1327 1561; baseline 0 -18"><span class='ocrx_word' id='word_1_81' title='bbox 268 1479 310 1543; x_wconf 87' lang='lat' dir='ltr'>At</span> <span class='ocrx_word' id='word_1_82' title='bbox 338 1480 524 1561; x_wconf 82' lang='lat' dir='ltr'>cognitionis</span> <span class='ocrx_word' id='word_1_83' title='bbox 550 1481 752 1544; x_wconf 88' lang='lat' dir='ltr'>immediatae</span> <span class='ocrx_word' id='word_1_84' title='bbox 777 1480 954 1545; x_wconf 86' lang='lat' dir='ltr'>adsertores</span> <span class='ocrx_word' id='word_1_85' title='bbox 978 1481 1061 1544; x_wconf 87' lang='lat' dir='ltr'>hanc</span> <span class='ocrx_word' id='word_1_86' title='bbox 1083 1479 1214 1544; x_wconf 82' lang='lat' dir='ltr'>Consilii</span> <span class='ocrx_word' id='word_1_87' title='bbox 1237 1478 1327 1544; x_wconf 82' lang='lat' dir='ltr'>dam—</span> 
     </span>
     <span class='ocr_line' id='line_1_13' title="bbox 163 1565 1324 1647; baseline -0.001 -15"><span class='ocrx_word' id='word_1_88' title='bbox 163 1567 323 1632; x_wconf 86' lang='lat' dir='ltr'>nationem</span> <span class='ocrx_word' id='word_1_89' title='bbox 346 1567 449 1632; x_wconf 89' lang='lat' dir='ltr'>vitare</span> <span class='ocrx_word' id='word_1_90' title='bbox 472 1571 634 1634; x_wconf 91' lang='lat' dir='ltr'>conantur.</span> <span class='ocrx_word' id='word_1_91' title='bbox 680 1567 799 1632; x_wconf 91' lang='lat' dir='ltr'>Dicunt</span> <span class='ocrx_word' id='word_1_92' title='bbox 821 1567 919 1647; x_wconf 78' lang='lat' dir='ltr'>adqui</span> <span class='ocrx_word' id='word_1_93' title='bbox 944 1572 970 1631; x_wconf 92' lang='grc'>1.</span> <span class='ocrx_word' id='word_1_94' title='bbox 994 1565 1168 1633; x_wconf 92' lang='lat' dir='ltr'>Concilium</span> <span class='ocrx_word' id='word_1_95' title='bbox 1192 1568 1324 1641; x_wconf 84' lang='lat' dir='ltr'>damnat</span> 
     </span>
     <span class='ocr_line' id='line_1_14' title="bbox 164 1654 1322 1736; baseline 0 -16"><span class='ocrx_word' id='word_1_96' title='bbox 164 1672 235 1734; x_wconf 89' lang='lat' dir='ltr'>eos,</span> <span class='ocrx_word' id='word_1_97' title='bbox 270 1655 323 1735; x_wconf 88' lang='lat' dir='ltr'>qui</span> <span class='ocrx_word' id='word_1_98' title='bbox 355 1654 588 1720; x_wconf 88' lang='lat' dir='ltr'>contendebant</span> <span class='ocrx_word' id='word_1_99' title='bbox 610 1673 704 1736; x_wconf 90' lang='lat' dir='ltr'>posse</span> <span class='ocrx_word' id='word_1_100' title='bbox 735 1656 776 1719; x_wconf 90' lang='lat' dir='ltr'>ab</span> <span class='ocrx_word' id='word_1_101' title='bbox 799 1654 935 1719; x_wconf 90' lang='lat' dir='ltr'>humana</span> <span class='ocrx_word' id='word_1_102' title='bbox 958 1661 1064 1719; x_wconf 89' lang='lat' dir='ltr'>mente</span> <span class='ocrx_word' id='word_1_103' title='bbox 1086 1656 1120 1719; x_wconf 93' lang='lat' dir='ltr'>in</span> <span class='ocrx_word' id='word_1_104' title='bbox 1142 1661 1232 1720; x_wconf 88' lang='lat' dir='ltr'>statu</span> <span class='ocrx_word' id='word_1_105' title='bbox 1254 1655 1322 1720; x_wconf 83' lang='lat' dir='ltr'>viae</span> 
     </span>
     <span class='ocr_line' id='line_1_15' title="bbox 162 1741 1328 1822; baseline 0 -14"><span class='ocrx_word' id='word_1_106' title='bbox 162 1742 262 1808; x_wconf 91' lang='lat' dir='ltr'>videri</span> <span class='ocrx_word' id='word_1_107' title='bbox 285 1743 454 1808; x_wconf 89' lang='lat' dir='ltr'>essentiam</span> <span class='ocrx_word' id='word_1_108' title='bbox 477 1743 548 1822; x_wconf 89' lang='lat' dir='ltr'>Dei;</span> <span class='ocrx_word' id='word_1_109' title='bbox 583 1760 640 1808; x_wconf 93' lang='lat' dir='ltr'>nos</span> <span class='ocrx_word' id='word_1_110' title='bbox 666 1742 814 1808; x_wconf 87' lang='lat' dir='ltr'>docemus</span> <span class='ocrx_word' id='word_1_111' title='bbox 847 1743 947 1806; x_wconf 90' lang='lat' dir='ltr'>videri</span> <span class='ocrx_word' id='word_1_112' title='bbox 977 1761 1041 1807; x_wconf 92' lang='lat' dir='ltr'>non</span> <span class='ocrx_word' id='word_1_113' title='bbox 1073 1743 1244 1808; x_wconf 90' lang='lat' dir='ltr'>essentiam</span> <span class='ocrx_word' id='word_1_114' title='bbox 1266 1741 1328 1808; x_wconf 87' lang='lat' dir='ltr'>sed</span> 
     </span>
     <span class='ocr_line' id='line_1_16' title="bbox 164 1828 1323 1913; baseline 0.002 -19"><span class='ocrx_word' id='word_1_115' title='bbox 164 1830 374 1894; x_wconf 87' lang='lat' dir='ltr'>substantiam</span> <span class='ocrx_word' id='word_1_116' title='bbox 399 1830 467 1896; x_wconf 90' lang='lat' dir='ltr'>Dei.</span> <span class='ocrx_word' id='word_1_117' title='bbox 501 1828 564 1894; x_wconf 82' lang='lat' dir='ltr'>Sed</span> <span class='ocrx_word' id='word_1_118' title='bbox 586 1829 666 1894; x_wconf 87' lang='lat' dir='ltr'>baec</span> <span class='ocrx_word' id='word_1_119' title='bbox 689 1831 786 1894; x_wconf 89' lang='lat' dir='ltr'>etiam</span> <span class='ocrx_word' id='word_1_120' title='bbox 809 1847 904 1894; x_wconf 88' lang='lat' dir='ltr'>sanae</span> <span class='ocrx_word' id='word_1_121' title='bbox 928 1829 1088 1895; x_wconf 90' lang='lat' dir='ltr'>doctrinae</span> <span class='ocrx_word' id='word_1_122' title='bbox 1111 1835 1323 1913; x_wconf 82' lang='lat' dir='ltr'>opponuntur.</span> 
     </span>
     <span class='ocr_line' id='line_1_17' title="bbox 164 1915 1319 1998; baseline 0 -17"><span class='ocrx_word' id='word_1_123' title='bbox 164 1915 243 1981; x_wconf 89' lang='lat' dir='ltr'>Cum</span> <span class='ocrx_word' id='word_1_124' title='bbox 266 1919 350 1981; x_wconf 88' lang='lat' dir='ltr'>enim</span> <span class='ocrx_word' id='word_1_125' title='bbox 372 1917 459 1982; x_wconf 84' lang='lat' dir='ltr'>Deus</span> <span class='ocrx_word' id='word_1_126' title='bbox 481 1918 524 1982; x_wconf 91' lang='lat' dir='ltr'>sit</span> <span class='ocrx_word' id='word_1_127' title='bbox 544 1915 666 1982; x_wconf 90' lang='lat' dir='ltr'>infinite</span> <span class='ocrx_word' id='word_1_128' title='bbox 689 1916 835 1998; x_wconf 84' lang='lat' dir='ltr'>simplex,</span> <span class='ocrx_word' id='word_1_129' title='bbox 859 1916 946 1982; x_wconf 91' lang='lat' dir='ltr'>nulla</span> <span class='ocrx_word' id='word_1_130' title='bbox 968 1919 1001 1981; x_wconf 90' lang='lat' dir='ltr'>in</span> <span class='ocrx_word' id='word_1_131' title='bbox 1024 1936 1061 1982; x_wconf 94' lang='lat' dir='ltr'>eo</span> <span class='ocrx_word' id='word_1_132' title='bbox 1085 1923 1134 1983; x_wconf 89' lang='lat' dir='ltr'>est</span> <span class='ocrx_word' id='word_1_133' title='bbox 1156 1917 1319 1983; x_wconf 84' lang='lat' dir='ltr'>distinctio</span> 
     </span>
     <span class='ocr_line' id='line_1_18' title="bbox 163 2003 1325 2088; baseline -0.001 -19"><span class='ocrx_word' id='word_1_134' title='bbox 163 2006 246 2070; x_wconf 91' lang='lat' dir='ltr'>inter</span> <span class='ocrx_word' id='word_1_135' title='bbox 267 2005 434 2069; x_wconf 89' lang='lat' dir='ltr'>essentiam</span> <span class='ocrx_word' id='word_1_136' title='bbox 470 2010 503 2069; x_wconf 90' lang='lat' dir='ltr'>et</span> <span class='ocrx_word' id='word_1_137' title='bbox 537 2005 755 2071; x_wconf 87' lang='lat' dir='ltr'>substantiam.</span> <span class='ocrx_word' id='word_1_138' title='bbox 801 2004 1004 2088; x_wconf 80' lang='lat' dir='ltr'>Quapropter</span> <span class='ocrx_word' id='word_1_139' title='bbox 1036 2003 1105 2070; x_wconf 91' lang='lat' dir='ltr'>fieri</span> <span class='ocrx_word' id='word_1_140' title='bbox 1127 2005 1250 2085; x_wconf 81' lang='lat' dir='ltr'>nequit,</span> <span class='ocrx_word' id='word_1_141' title='bbox 1285 2009 1325 2068; x_wconf 92' lang='lat' dir='ltr'>ut</span> 
     </span>
     <span class='ocr_line' id='line_1_19' title="bbox 162 2091 1322 2174; baseline -0.002 -18"><span class='ocrx_word' id='word_1_142' title='bbox 162 2092 300 2157; x_wconf 87' lang='lat' dir='ltr'>humana</span> <span class='ocrx_word' id='word_1_143' title='bbox 329 2109 417 2156; x_wconf 89' lang='lat' dir='ltr'>mens</span> <span class='ocrx_word' id='word_1_144' title='bbox 440 2092 624 2157; x_wconf 86' lang='lat' dir='ltr'>invidendo</span> <span class='ocrx_word' id='word_1_145' title='bbox 658 2094 726 2157; x_wconf 92' lang='lat' dir='ltr'>Deo</span> <span class='ocrx_word' id='word_1_146' title='bbox 749 2091 856 2156; x_wconf 90' lang='lat' dir='ltr'>videat</span> <span class='ocrx_word' id='word_1_147' title='bbox 879 2092 947 2174; x_wconf 89' lang='lat' dir='ltr'>ejus</span> <span class='ocrx_word' id='word_1_148' title='bbox 971 2093 1181 2158; x_wconf 85' lang='lat' dir='ltr'>substantiam</span> <span class='ocrx_word' id='word_1_149' title='bbox 1205 2098 1237 2156; x_wconf 89' lang='lat' dir='ltr'>ct</span> <span class='ocrx_word' id='word_1_150' title='bbox 1259 2109 1322 2158; x_wconf 92' lang='lat' dir='ltr'>non</span> 
     </span>
     <span class='ocr_line' id='line_1_20' title="bbox 163 2178 1321 2262; baseline 0 -17"><span class='ocrx_word' id='word_1_151' title='bbox 163 2180 230 2262; x_wconf 89' lang='lat' dir='ltr'>ejus</span> <span class='ocrx_word' id='word_1_152' title='bbox 258 2180 438 2245; x_wconf 86' lang='lat' dir='ltr'>essentiam.</span> <span class='ocrx_word' id='word_1_153' title='bbox 484 2178 654 2245; x_wconf 86' lang='lat' dir='ltr'>Praeterea</span> <span class='ocrx_word' id='word_1_154' title='bbox 682 2198 752 2244; x_wconf 93' lang='lat' dir='ltr'>cum</span> <span class='ocrx_word' id='word_1_155' title='bbox 780 2181 813 2243; x_wconf 91' lang='lat' dir='ltr'>in</span> <span class='ocrx_word' id='word_1_156' title='bbox 836 2181 904 2245; x_wconf 92' lang='lat' dir='ltr'>Deo</span> <span class='ocrx_word' id='word_1_157' title='bbox 928 2198 997 2245; x_wconf 90' lang='lat' dir='ltr'>esse</span> <span class='ocrx_word' id='word_1_158' title='bbox 1028 2187 1061 2245; x_wconf 88' lang='lat' dir='ltr'>et</span> <span class='ocrx_word' id='word_1_159' title='bbox 1091 2180 1229 2246; x_wconf 87' lang='lat' dir='ltr'>essentia</span> <span class='ocrx_word' id='word_1_160' title='bbox 1258 2197 1321 2245; x_wconf 89' lang='lat' dir='ltr'>non</span> 
     </span>
     <span class='ocr_line' id='line_1_21' title="bbox 162 2265 1325 2349; baseline -0.002 -17"><span class='ocrx_word' id='word_1_161' title='bbox 162 2267 406 2348; x_wconf 89' lang='lat' dir='ltr'>distinguantur,</span> <span class='ocrx_word' id='word_1_162' title='bbox 430 2273 466 2331; x_wconf 94' lang='lat' dir='ltr'>ut</span> <span class='ocrx_word' id='word_1_163' title='bbox 489 2266 603 2332; x_wconf 88' lang='lat' dir='ltr'>docent</span> <span class='ocrx_word' id='word_1_164' title='bbox 624 2266 771 2347; x_wconf 84' lang='lat' dir='ltr'>theologi,</span> <span class='ocrx_word' id='word_1_165' title='bbox 795 2268 905 2348; x_wconf 92' lang='lat' dir='ltr'>nequit</span> <span class='ocrx_word' id='word_1_166' title='bbox 928 2266 1026 2332; x_wconf 91' lang='lat' dir='ltr'>videri</span> <span class='ocrx_word' id='word_1_167' title='bbox 1049 2268 1145 2347; x_wconf 83' lang='lat' dir='ltr'>Deus,</span> <span class='ocrx_word' id='word_1_168' title='bbox 1168 2266 1230 2331; x_wconf 90' lang='lat' dir='ltr'>nisi</span> <span class='ocrx_word' id='word_1_169' title='bbox 1253 2265 1325 2349; x_wconf 89' lang='lat' dir='ltr'>ejus</span> 
     </span>
     <span class='ocr_line' id='line_1_22' title="bbox 162 2352 554 2420; baseline -0.01 0"><span class='ocrx_word' id='word_1_170' title='bbox 162 2354 302 2420; x_wconf 86' lang='lat' dir='ltr'>essentia</span> <span class='ocrx_word' id='word_1_171' title='bbox 323 2353 476 2419; x_wconf 90' lang='lat' dir='ltr'>videatur.</span> <span class='ocrx_word' id='word_1_172' title='bbox 551 2352 554 2356; x_wconf 83' lang='grc'>’</span> 
     </span>
    </p>
   </div>
   <div class='ocr_carea' id='block_1_5' title="bbox 699 2547 769 2612">
    <p class='ocr_par' dir='ltr' id='par_1_5' title="bbox 699 2547 769 2612">
     <span class='ocr_line' id='line_1_23' title="bbox 699 2547 769 2612; baseline -0.043 0"><span class='ocrx_word' id='word_1_173' title='bbox 699 2547 769 2612; x_wconf 70' lang='lat' dir='ltr'>vl.</span> 
     </span>
    </p>
   </div>
   <div class='ocr_carea' id='block_1_6' title="bbox 157 2666 1326 3886">
    <p class='ocr_par' dir='ltr' id='par_1_6' title="bbox 157 2666 1326 3886">
     <span class='ocr_line' id='line_1_24' title="bbox 266 2666 1321 2733; baseline 0.001 -2"><span class='ocrx_word' id='word_1_174' title='bbox 266 2667 328 2731; x_wconf 83' lang='lat' dir='ltr'>dlii</span> <span class='ocrx_word' id='word_1_175' title='bbox 359 2666 467 2733; x_wconf 93' lang='lat' dir='ltr'>dicunt</span> <span class='ocrx_word' id='word_1_176' title='bbox 497 2672 527 2732; x_wconf 81' lang='lat'>2.</span> <span class='ocrx_word' id='word_1_177' title='bbox 555 2669 645 2732; x_wconf 84' lang='lat' dir='ltr'>Mens</span> <span class='ocrx_word' id='word_1_178' title='bbox 675 2667 812 2732; x_wconf 88' lang='lat' dir='ltr'>humana</span> <span class='ocrx_word' id='word_1_179' title='bbox 842 2666 939 2732; x_wconf 89' lang='lat' dir='ltr'>habet</span> <span class='ocrx_word' id='word_1_180' title='bbox 970 2668 1119 2732; x_wconf 90' lang='lat' dir='ltr'>intuitum</span> <span class='ocrx_word' id='word_1_181' title='bbox 1142 2668 1321 2733; x_wconf 89' lang='lat' dir='ltr'>naturalem</span> 
     </span>
     <span class='ocr_line' id='line_1_25' title="bbox 161 2753 1321 2837; baseline 0.001 -19"><span class='ocrx_word' id='word_1_182' title='bbox 161 2753 238 2834; x_wconf 83' lang='lat' dir='ltr'>Ilei,</span> <span class='ocrx_word' id='word_1_183' title='bbox 272 2772 335 2818; x_wconf 90' lang='lat' dir='ltr'>non</span> <span class='ocrx_word' id='word_1_184' title='bbox 370 2759 523 2836; x_wconf 87' lang='lat' dir='ltr'>quatenus</span> <span class='ocrx_word' id='word_1_185' title='bbox 557 2755 643 2820; x_wconf 90' lang='lat' dir='ltr'>videt</span> <span class='ocrx_word' id='word_1_186' title='bbox 665 2756 732 2837; x_wconf 86' lang='lat' dir='ltr'>ejus</span> <span class='ocrx_word' id='word_1_187' title='bbox 756 2755 941 2836; x_wconf 85' lang='lat' dir='ltr'>essentiam,</span> <span class='ocrx_word' id='word_1_188' title='bbox 976 2754 1032 2819; x_wconf 88' lang='lat' dir='ltr'>sed</span> <span class='ocrx_word' id='word_1_189' title='bbox 1056 2758 1213 2835; x_wconf 89' lang='lat' dir='ltr'>quatenus</span> <span class='ocrx_word' id='word_1_190' title='bbox 1234 2755 1321 2821; x_wconf 89' lang='lat' dir='ltr'>videt</span> 
     </span>
     <span class='ocr_line' id='line_1_26' title="bbox 160 2841 1326 2923; baseline 0.002 -19"><span class='ocrx_word' id='word_1_191' title='bbox 160 2841 315 2906; x_wconf 88' lang='lat' dir='ltr'>attributa</span> <span class='ocrx_word' id='word_1_192' title='bbox 331 2841 398 2923; x_wconf 85' lang='lat' dir='ltr'>Dei,</span> <span class='ocrx_word' id='word_1_193' title='bbox 422 2843 469 2906; x_wconf 88' lang='lat' dir='ltr'>ita</span> <span class='ocrx_word' id='word_1_194' title='bbox 491 2848 527 2906; x_wconf 92' lang='lat' dir='ltr'>ut</span> <span class='ocrx_word' id='word_1_195' title='bbox 542 2842 693 2907; x_wconf 89' lang='lat' dir='ltr'>terminus</span> <span class='ocrx_word' id='word_1_196' title='bbox 715 2842 870 2907; x_wconf 87' lang='lat' dir='ltr'>naturalis</span> <span class='ocrx_word' id='word_1_197' title='bbox 884 2843 1019 2907; x_wconf 92' lang='lat' dir='ltr'>intuitus</span> <span class='ocrx_word' id='word_1_198' title='bbox 1041 2860 1104 2907; x_wconf 93' lang='lat' dir='ltr'>non</span> <span class='ocrx_word' id='word_1_199' title='bbox 1126 2843 1168 2906; x_wconf 87' lang='lat' dir='ltr'>sit</span> <span class='ocrx_word' id='word_1_200' title='bbox 1183 2843 1326 2909; x_wconf 84' lang='lat' dir='ltr'>essentia.</span> 
     </span>
     <span class='ocr_line' id='line_1_27' title="bbox 160 2928 1319 3011; baseline 0.001 -18"><span class='ocrx_word' id='word_1_201' title='bbox 160 2928 217 2993; x_wconf 88' lang='lat' dir='ltr'>scd</span> <span class='ocrx_word' id='word_1_202' title='bbox 232 2928 336 2993; x_wconf 88' lang='lat' dir='ltr'>divina</span> <span class='ocrx_word' id='word_1_203' title='bbox 358 2930 517 2995; x_wconf 87' lang='lat' dir='ltr'>attributa.</span> <span class='ocrx_word' id='word_1_204' title='bbox 552 2929 613 2994; x_wconf 83' lang='lat' dir='ltr'>Sed</span> <span class='ocrx_word' id='word_1_205' title='bbox 629 2930 725 2994; x_wconf 87' lang='lat' dir='ltr'>etiam</span> <span class='ocrx_word' id='word_1_206' title='bbox 747 2929 826 2994; x_wconf 88' lang='lat' dir='ltr'>haec</span> <span class='ocrx_word' id='word_1_207' title='bbox 849 2930 955 2995; x_wconf 87' lang='lat' dir='ltr'>evasio</span> <span class='ocrx_word' id='word_1_208' title='bbox 971 2929 1140 3011; x_wconf 91' lang='lat' dir='ltr'>opponitur</span> <span class='ocrx_word' id='word_1_209' title='bbox 1155 2929 1319 2996; x_wconf 90' lang='lat' dir='ltr'>doctrinae</span> 
     </span>
     <span class='ocr_line' id='line_1_28' title="bbox 160 3015 1319 3099; baseline 0.002 -19"><span class='ocrx_word' id='word_1_210' title='bbox 160 3015 340 3097; x_wconf 86' lang='lat' dir='ltr'>catholicae,</span> <span class='ocrx_word' id='word_1_211' title='bbox 366 3035 447 3098; x_wconf 87' lang='lat' dir='ltr'>quae</span> <span class='ocrx_word' id='word_1_212' title='bbox 469 3022 565 3099; x_wconf 87' lang='lat' dir='ltr'>negat</span> <span class='ocrx_word' id='word_1_213' title='bbox 587 3035 711 3082; x_wconf 90' lang='lat' dir='ltr'>omnem</span> <span class='ocrx_word' id='word_1_214' title='bbox 734 3017 967 3082; x_wconf 86' lang='lat' dir='ltr'>distinctionem</span> <span class='ocrx_word' id='word_1_215' title='bbox 982 3017 1100 3081; x_wconf 91' lang='lat' dir='ltr'>realem</span> <span class='ocrx_word' id='word_1_216' title='bbox 1121 3016 1206 3081; x_wconf 87' lang='lat' dir='ltr'>inter</span> <span class='ocrx_word' id='word_1_217' title='bbox 1228 3016 1319 3083; x_wconf 87' lang='lat' dir='ltr'>attri-</span> 
     </span>
     <span class='ocr_line' id='line_1_29' title="bbox 159 3103 1320 3188; baseline 0.001 -20"><span class='ocrx_word' id='word_1_218' title='bbox 159 3103 239 3169; x_wconf 90' lang='lat' dir='ltr'>buta</span> <span class='ocrx_word' id='word_1_219' title='bbox 267 3108 299 3168; x_wconf 88' lang='lat' dir='ltr'>et</span> <span class='ocrx_word' id='word_1_220' title='bbox 331 3105 506 3170; x_wconf 87' lang='lat' dir='ltr'>essentiam.</span> <span class='ocrx_word' id='word_1_221' title='bbox 555 3104 598 3168; x_wconf 91' lang='lat' dir='ltr'>At</span> <span class='ocrx_word' id='word_1_222' title='bbox 625 3105 652 3170; x_wconf 94' lang='lat' dir='ltr'>si</span> <span class='ocrx_word' id='word_1_223' title='bbox 675 3122 766 3170; x_wconf 93' lang='lat' dir='ltr'>omne</span> <span class='ocrx_word' id='word_1_224' title='bbox 790 3105 979 3169; x_wconf 84' lang='lat' dir='ltr'>attributum</span> <span class='ocrx_word' id='word_1_225' title='bbox 1002 3104 1062 3168; x_wconf 91' lang='lat' dir='ltr'>Dei</span> <span class='ocrx_word' id='word_1_226' title='bbox 1085 3109 1135 3168; x_wconf 92' lang='lat' dir='ltr'>est</span> <span class='ocrx_word' id='word_1_227' title='bbox 1157 3104 1228 3185; x_wconf 89' lang='lat' dir='ltr'>ipsa</span> <span class='ocrx_word' id='word_1_228' title='bbox 1251 3105 1320 3188; x_wconf 89' lang='lat' dir='ltr'>ejus</span> 
     </span>
     <span class='ocr_line' id='line_1_30' title="bbox 160 3191 1317 3277; baseline 0 -21"><span class='ocrx_word' id='word_1_229' title='bbox 160 3192 312 3277; x_wconf 86' lang='lat' dir='ltr'>essentia,</span> <span class='ocrx_word' id='word_1_230' title='bbox 345 3194 452 3272; x_wconf 87' lang='lat' dir='ltr'>nequit</span> <span class='ocrx_word' id='word_1_231' title='bbox 473 3192 612 3256; x_wconf 88' lang='lat' dir='ltr'>humana</span> <span class='ocrx_word' id='word_1_232' title='bbox 634 3209 722 3256; x_wconf 91' lang='lat' dir='ltr'>mens</span> <span class='ocrx_word' id='word_1_233' title='bbox 744 3192 861 3256; x_wconf 91' lang='lat' dir='ltr'>intueri</span> <span class='ocrx_word' id='word_1_234' title='bbox 885 3192 1012 3273; x_wconf 88' lang='lat' dir='ltr'>aliquod</span> <span class='ocrx_word' id='word_1_235' title='bbox 1035 3191 1094 3257; x_wconf 90' lang='lat' dir='ltr'>Dei</span> <span class='ocrx_word' id='word_1_236' title='bbox 1117 3193 1317 3272; x_wconf 86' lang='lat' dir='ltr'>attributum,</span> 
     </span>
     <span class='ocr_line' id='line_1_31' title="bbox 159 3278 1319 3360; baseline 0.003 -19"><span class='ocrx_word' id='word_1_237' title='bbox 159 3279 234 3359; x_wconf 74' lang='lat' dir='ltr'>(juin</span> <span class='ocrx_word' id='word_1_238' title='bbox 268 3278 361 3342; x_wconf 91' lang='lat' dir='ltr'>simul</span> <span class='ocrx_word' id='word_1_239' title='bbox 395 3279 463 3360; x_wconf 91' lang='lat' dir='ltr'>ejus</span> <span class='ocrx_word' id='word_1_240' title='bbox 497 3281 668 3345; x_wconf 86' lang='lat' dir='ltr'>essentiam</span> <span class='ocrx_word' id='word_1_241' title='bbox 700 3279 871 3344; x_wconf 89' lang='lat' dir='ltr'>intueatur.</span> <span class='ocrx_word' id='word_1_242' title='bbox 915 3279 1086 3344; x_wconf 89' lang='lat' dir='ltr'>Praeterea</span> <span class='ocrx_word' id='word_1_243' title='bbox 1119 3279 1146 3343; x_wconf 91' lang='lat' dir='ltr'>si</span> <span class='ocrx_word' id='word_1_244' title='bbox 1179 3279 1319 3344; x_wconf 90' lang='lat' dir='ltr'>humana</span> 
     </span>
     <span class='ocr_line' id='line_1_32' title="bbox 158 3365 1318 3448; baseline 0.002 -20"><span class='ocrx_word' id='word_1_245' title='bbox 158 3382 247 3429; x_wconf 92' lang='lat' dir='ltr'>mens</span> <span class='ocrx_word' id='word_1_246' title='bbox 274 3367 430 3432; x_wconf 84' lang='lat' dir='ltr'>attributa</span> <span class='ocrx_word' id='word_1_247' title='bbox 452 3366 512 3431; x_wconf 93' lang='lat' dir='ltr'>Dei</span> <span class='ocrx_word' id='word_1_248' title='bbox 532 3367 689 3446; x_wconf 88' lang='lat' dir='ltr'>intuetur,</span> <span class='ocrx_word' id='word_1_249' title='bbox 722 3385 784 3431; x_wconf 89' lang='lat' dir='ltr'>non</span> <span class='ocrx_word' id='word_1_250' title='bbox 808 3367 927 3448; x_wconf 89' lang='lat' dir='ltr'>poterit</span> <span class='ocrx_word' id='word_1_251' title='bbox 949 3384 989 3431; x_wconf 90' lang='lat' dir='ltr'>ea</span> <span class='ocrx_word' id='word_1_252' title='bbox 1011 3372 1096 3431; x_wconf 87' lang='lat' dir='ltr'>certe</span> <span class='ocrx_word' id='word_1_253' title='bbox 1117 3365 1236 3431; x_wconf 89' lang='lat' dir='ltr'>intueri</span> <span class='ocrx_word' id='word_1_254' title='bbox 1258 3366 1318 3432; x_wconf 92' lang='lat' dir='ltr'>nisi</span> 
     </span>
     <span class='ocr_line' id='line_1_33' title="bbox 158 3452 1317 3534; baseline 0.003 -18"><span class='ocrx_word' id='word_1_255' title='bbox 158 3453 212 3517; x_wconf 92' lang='lat' dir='ltr'>ubi</span> <span class='ocrx_word' id='word_1_256' title='bbox 236 3457 317 3534; x_wconf 87' lang='lat' dir='ltr'>sunt,</span> <span class='ocrx_word' id='word_1_257' title='bbox 342 3472 399 3518; x_wconf 90' lang='lat' dir='ltr'>seu</span> <span class='ocrx_word' id='word_1_258' title='bbox 422 3458 458 3517; x_wconf 90' lang='lat' dir='ltr'>ut</span> <span class='ocrx_word' id='word_1_259' title='bbox 480 3453 657 3519; x_wconf 91' lang='lat' dir='ltr'>concedunt</span> <span class='ocrx_word' id='word_1_260' title='bbox 678 3454 861 3534; x_wconf 87' lang='lat' dir='ltr'>adversarii,</span> <span class='ocrx_word' id='word_1_261' title='bbox 886 3455 917 3517; x_wconf 93' lang='lat' dir='ltr'>in</span> <span class='ocrx_word' id='word_1_262' title='bbox 941 3454 1077 3518; x_wconf 87' lang='lat' dir='ltr'>essentia</span> <span class='ocrx_word' id='word_1_263' title='bbox 1101 3452 1215 3521; x_wconf 78' lang='lat' dir='ltr'>dimna.</span> <span class='ocrx_word' id='word_1_264' title='bbox 1256 3453 1317 3520; x_wconf 89' lang='lat' dir='ltr'>Sed</span> 
     </span>
     <span class='ocr_line' id='line_1_34' title="bbox 157 3540 1324 3624; baseline 0.003 -21"><span class='ocrx_word' id='word_1_265' title='bbox 157 3558 220 3604; x_wconf 92' lang='lat' dir='ltr'>non</span> <span class='ocrx_word' id='word_1_266' title='bbox 234 3546 340 3621; x_wconf 89' lang='lat' dir='ltr'>potest</span> <span class='ocrx_word' id='word_1_267' title='bbox 361 3560 425 3605; x_wconf 87' lang='lat' dir='ltr'>una</span> <span class='ocrx_word' id='word_1_268' title='bbox 447 3559 498 3606; x_wconf 89' lang='lat' dir='ltr'>res</span> <span class='ocrx_word' id='word_1_269' title='bbox 514 3543 659 3623; x_wconf 85' lang='lat' dir='ltr'>cognosci</span> <span class='ocrx_word' id='word_1_270' title='bbox 681 3542 714 3605; x_wconf 93' lang='lat' dir='ltr'>in</span> <span class='ocrx_word' id='word_1_271' title='bbox 738 3540 802 3605; x_wconf 87' lang='lat' dir='ltr'>alia</span> <span class='ocrx_word' id='word_1_272' title='bbox 817 3547 967 3623; x_wconf 90' lang='lat' dir='ltr'>tanquam</span> <span class='ocrx_word' id='word_1_273' title='bbox 990 3541 1023 3604; x_wconf 94' lang='lat' dir='ltr'>in</span> <span class='ocrx_word' id='word_1_274' title='bbox 1047 3541 1173 3624; x_wconf 91' lang='lat' dir='ltr'>objecto</span> <span class='ocrx_word' id='word_1_275' title='bbox 1191 3542 1324 3624; x_wconf 87' lang='lat' dir='ltr'>cognito</span> 
     </span>
     <span class='ocr_line' id='line_1_35' title="bbox 160 3627 1317 3710; baseline 0.002 -20"><span class='ocrx_word' id='word_1_276' title='bbox 160 3632 209 3706; x_wconf 89' lang='lat' dir='ltr'>(ut</span> <span class='ocrx_word' id='word_1_277' title='bbox 230 3634 320 3693; x_wconf 89' lang='lat' dir='ltr'>notat</span> <span class='ocrx_word' id='word_1_278' title='bbox 342 3629 373 3694; x_wconf 86' lang='lat' dir='ltr'>S.</span> <span class='ocrx_word' id='word_1_279' title='bbox 396 3627 505 3693; x_wconf 86' lang='lat' dir='ltr'>Thom.</span> <span class='ocrx_word' id='word_1_280' title='bbox 533 3634 560 3692; x_wconf 91' lang='grc'>1.</span> <span class='ocrx_word' id='word_1_281' title='bbox 584 3647 614 3710; x_wconf 92' lang='lat' dir='ltr'>p.</span> <span class='ocrx_word' id='word_1_282' title='bbox 638 3647 666 3710; x_wconf 90' lang='lat' dir='ltr'>q.</span> <span class='ocrx_word' id='word_1_283' title='bbox 693 3633 744 3696; x_wconf 77' lang='lat' dir='ltr'>sl.</span> <span class='ocrx_word' id='word_1_284' title='bbox 768 3646 795 3693; x_wconf 90' lang='lat' dir='ltr'>a.</span> <span class='ocrx_word' id='word_1_285' title='bbox 821 3631 864 3710; x_wconf 81' lang='lat'>5),</span> <span class='ocrx_word' id='word_1_286' title='bbox 888 3629 962 3709; x_wconf 90' lang='lat' dir='ltr'>quin</span> <span class='ocrx_word' id='word_1_287' title='bbox 987 3632 1199 3708; x_wconf 88' lang='lat' dir='ltr'>cognoscatur</span> <span class='ocrx_word' id='word_1_288' title='bbox 1222 3631 1317 3695; x_wconf 88' lang='lat' dir='ltr'>etiam</span> 
     </span>
     <span class='ocr_line' id='line_1_36' title="bbox 158 3715 1325 3799; baseline -0.001 -21"><span class='ocrx_word' id='word_1_289' title='bbox 158 3715 314 3797; x_wconf 88' lang='lat' dir='ltr'>objectum</span> <span class='ocrx_word' id='word_1_290' title='bbox 349 3717 381 3780; x_wconf 94' lang='lat' dir='ltr'>in</span> <span class='ocrx_word' id='word_1_291' title='bbox 416 3735 477 3798; x_wconf 93' lang='lat' dir='ltr'>quo</span> <span class='ocrx_word' id='word_1_292' title='bbox 511 3717 580 3799; x_wconf 89' lang='lat' dir='ltr'>ipsa</span> <span class='ocrx_word' id='word_1_293' title='bbox 614 3717 819 3798; x_wconf 85' lang='lat' dir='ltr'>cognoscitur.</span> <span class='ocrx_word' id='word_1_294' title='bbox 874 3715 944 3780; x_wconf 90' lang='lat' dir='ltr'>Non</span> <span class='ocrx_word' id='word_1_295' title='bbox 975 3721 1082 3796; x_wconf 90' lang='lat' dir='ltr'>posset</span> <span class='ocrx_word' id='word_1_296' title='bbox 1118 3733 1193 3796; x_wconf 87' lang='lat' dir='ltr'>crgo</span> <span class='ocrx_word' id='word_1_297' title='bbox 1228 3732 1325 3782; x_wconf 83' lang='lat' dir='ltr'>mens..</span> 
     </span>
     <span class='ocr_line' id='line_1_37' title="bbox 157 3801 1259 3886; baseline 0.004 -21"><span class='ocrx_word' id='word_1_298' title='bbox 157 3801 273 3867; x_wconf 91' lang='lat' dir='ltr'>intueri</span> <span class='ocrx_word' id='word_1_299' title='bbox 297 3805 452 3868; x_wconf 83' lang='lat' dir='ltr'>attributa</span> <span class='ocrx_word' id='word_1_300' title='bbox 475 3803 541 3885; x_wconf 86' lang='lat' dir='ltr'>Dei,</span> <span class='ocrx_word' id='word_1_301' title='bbox 565 3803 640 3883; x_wconf 92' lang='lat' dir='ltr'>quin</span> <span class='ocrx_word' id='word_1_302' title='bbox 664 3805 733 3886; x_wconf 90' lang='lat' dir='ltr'>ejus</span> <span class='ocrx_word' id='word_1_303' title='bbox 756 3804 853 3869; x_wconf 87' lang='lat' dir='ltr'>etiam</span> <span class='ocrx_word' id='word_1_304' title='bbox 877 3805 1047 3868; x_wconf 89' lang='lat' dir='ltr'>essentiam</span> <span class='ocrx_word' id='word_1_305' title='bbox 1070 3803 1259 3869; x_wconf 90' lang='lat' dir='ltr'>intueretur.</span> 
     </span>
    </p>
   </div>
   <div class='ocr_carea' id='block_1_7' title="bbox 599 4011 774 4085">
    <p class='ocr_par' dir='ltr' id='par_1_7' title="bbox 599 4011 774 4085">
     <span class='ocr_line' id='line_1_38' title="bbox 599 4011 774 4085; baseline -0.051 0"><span class='ocrx_word' id='word_1_306' title='bbox 599 4079 601 4085; x_wconf 27' lang='lat' dir='ltr'><strong><em>s</em></strong></span> <span class='ocrx_word' id='word_1_307' title='bbox 705 4011 774 4079; x_wconf 88' lang='lat' dir='ltr'>Vll.</span> 
     </span>
    </p>
   </div>
   <div class='ocr_carea' id='block_1_8' title="bbox 155 4100 1317 4392">
    <p class='ocr_par' dir='ltr' id='par_1_8' title="bbox 155 4100 1317 4392">
     <span class='ocr_line' id='line_1_39' title="bbox 262 4100 1314 4215; baseline 0 -16"><span class='ocrx_word' id='word_1_308' title='bbox 262 4135 381 4200; x_wconf 86' lang='lat' dir='ltr'>Dicunt</span> <span class='ocrx_word' id='word_1_309' title='bbox 408 4140 437 4203; x_wconf 87' lang='lat'>3.</span> <span class='ocrx_word' id='word_1_310' title='bbox 461 4136 534 4215; x_wconf 88' lang='lat' dir='ltr'>alii,</span> <span class='ocrx_word' id='word_1_311' title='bbox 568 4137 718 4202; x_wconf 88' lang='lat' dir='ltr'>intuitum</span> <span class='ocrx_word' id='word_1_312' title='bbox 740 4135 800 4201; x_wconf 90' lang='lat' dir='ltr'>Dei</span> <span class='ocrx_word' id='word_1_313' title='bbox 830 4135 1007 4202; x_wconf 86' lang='lat' dir='ltr'>naturalem</span> <span class='ocrx_word' id='word_1_314' title='bbox 1037 4152 1107 4201; x_wconf 90' lang='lat' dir='ltr'>esse</span> <span class='ocrx_word' id='word_1_315' title='bbox 1137 4100 1314 4215; x_wconf 86' lang='lat' dir='ltr'>obscurum,</span> 
     </span>
     <span class='ocr_line' id='line_1_40' title="bbox 155 4221 1313 4302; baseline 0.002 -16"><span class='ocrx_word' id='word_1_316' title='bbox 155 4221 304 4287; x_wconf 88' lang='lat' dir='ltr'>intuitum</span> <span class='ocrx_word' id='word_1_317' title='bbox 331 4223 497 4289; x_wconf 88' lang='lat' dir='ltr'>beatorum</span> <span class='ocrx_word' id='word_1_318' title='bbox 526 4241 595 4289; x_wconf 89' lang='lat' dir='ltr'>esse</span> <span class='ocrx_word' id='word_1_319' title='bbox 619 4223 747 4290; x_wconf 87' lang='lat' dir='ltr'>ciarum.</span> <span class='ocrx_word' id='word_1_320' title='bbox 793 4223 881 4302; x_wconf 78' lang='lat' dir='ltr'>Quae</span> <span class='ocrx_word' id='word_1_321' title='bbox 904 4225 999 4288; x_wconf 88' lang='lat' dir='ltr'>etiam</span> <span class='ocrx_word' id='word_1_322' title='bbox 1022 4224 1127 4288; x_wconf 90' lang='lat' dir='ltr'>evasio</span> <span class='ocrx_word' id='word_1_323' title='bbox 1150 4241 1237 4289; x_wconf 87' lang='lat' dir='ltr'>vana</span> <span class='ocrx_word' id='word_1_324' title='bbox 1256 4226 1313 4288; x_wconf 86' lang='lat' dir='ltr'>est.</span> 
     </span>
     <span class='ocr_line' id='line_1_41' title="bbox 156 4307 1317 4392; baseline 0.001 -20"><span class='ocrx_word' id='word_1_325' title='bbox 156 4307 238 4375; x_wconf 86' lang='lat' dir='ltr'>Nam</span> <span class='ocrx_word' id='word_1_326' title='bbox 262 4309 290 4374; x_wconf 87' lang='lat' dir='ltr'>si</span> <span class='ocrx_word' id='word_1_327' title='bbox 304 4314 355 4374; x_wconf 84' lang='lat' dir='ltr'>est</span> <span class='ocrx_word' id='word_1_328' title='bbox 374 4311 454 4374; x_wconf 84' lang='lat' dir='ltr'>visio</span> <span class='ocrx_word' id='word_1_329' title='bbox 475 4310 536 4375; x_wconf 90' lang='lat' dir='ltr'>Dei</span> <span class='ocrx_word' id='word_1_330' title='bbox 556 4312 750 4388; x_wconf 69' lang='lat' dir='ltr'>immeddota</span> <span class='ocrx_word' id='word_1_331' title='bbox 775 4316 824 4375; x_wconf 86' lang='lat' dir='ltr'>est</span> <span class='ocrx_word' id='word_1_332' title='bbox 847 4311 984 4392; x_wconf 87' lang='lat' dir='ltr'>cognitio</span> <span class='ocrx_word' id='word_1_333' title='bbox 999 4309 1088 4376; x_wconf 87' lang='lat' dir='ltr'>clara</span> <span class='ocrx_word' id='word_1_334' title='bbox 1108 4313 1143 4373; x_wconf 87' lang='lat' dir='ltr'>ct</span> <span class='ocrx_word' id='word_1_335' title='bbox 1165 4311 1317 4374; x_wconf 83' lang='lat' dir='ltr'>distincta</span> 
     </span>
    </p>
   </div>
   <div class='ocr_carea' id='block_1_9' title="bbox 0 0 1482 4936">
    <p class='ocr_par' dir='ltr' id='par_1_9' title="bbox 0 0 1482 4936">
     <span class='ocr_line' id='line_1_42' title="bbox 0 0 1482 4936; baseline 0 3"><span class='ocrx_word' id='word_1_336' title='bbox 0 0 1482 4936; x_wconf 95' lang='lat' dir='ltr'> </span> 
     </span>
    </p>
   </div>
  </div>
 </body>
</html>
