2946 4942
711 341 881 390 Possumne

598 583 632 665 a
673 581 976 666 absumantur

207 737 531 829 NONNULLORUM
560 739 857 806 EPISCOPORUM
886 739 1008 806 RITUS
1041 739 1294 808 MARONITIGI
1316 742 1378 809 ΕΤ

208 844 329 910 RITUS
354 843 582 911 CHALDAICI
606 847 663 910 ΑΙ)
686 844 969 910 praesumant
993 845 1176 913 GENERIS
1196 846 1376 913 HUMANI

362 949 655 1016 TRISTISSIMAM
679 949 973 1016 CONDITIONEM
997 949 1217 1016 SPEGTANS.
1370 986 1375 991 ·

315 1087 494 1155 Clarissime
526 1096 637 1156 notum
672 1096 721 1156 est
747 1091 860 1170 insigni
895 1089 980 1154 Tuae
1012 1090 1190 1171 sapientiae
1214 1094 1373 1172 quantum

210 1173 401 1242 difficillimis
425 1176 511 1242 bisce
541 1179 735 1259 temporibus
758 1177 968 1259 undequaque
989 1177 1131 1242 minatur
1152 1177 1378 1260 tranquillitas

208 1263 335 1343 publica
356 1265 455 1328 totius
478 1267 596 1344 mundi,
631 1271 663 1330 et
686 1266 791 1330 divina
813 1270 991 1346 praecepta,
1016 1265 1049 1327 in
1072 1265 1185 1345 quibus
1209 1264 1371 1348 dependet

208 1349 339 1416 felicitas
355 1351 484 1416 humani
507 1353 630 1434 generis
645 1353 804 1434 praesenti
820 1352 944 1418 saeculo
968 1357 1000 1416 et
1020 1349 1136 1431 futuro,
1152 1357 1186 1416 et
1201 1353 1370 1433 speciatim

208 1443 378 1519 praecepta
401 1439 556 1504 secundae
584 1439 714 1505 tabulae
737 1438 886 1519 Decalogi
909 1445 1016 1520 spreta
1039 1440 1112 1517 sint,
1144 1444 1176 1503 et
1197 1440 1268 1520 ipsa
1291 1459 1380 1522 gen--

209 1526 288 1589 tium
315 1526 389 1606 jnra
418 1526 550 1607 pedibus
573 1525 836 1603 conculcata;·et
865 1526 935 1591 ideo
963 1527 1106 1591 videmus
1138 1527 1369 1608 permaximum

209 1612 380 1692 periculum
418 1613 612 1678 circumdare
648 1615 760 1693 vitam,
800 1615 898 1693 bona,
937 1630 974 1677 ac
1007 1614 1081 1695 jura
1118 1614 1380 1697 uniuscujusque·

208 1698 349 1778 hominis,
373 1702 497 1765 nemine
517 1706 661 1783 excepto;
684 1720 722 1767 ac
744 1708 912 1784 propterea
934 1699 1052 1764 malum
1075 1700 1252 1781 praevaluit
1274 1702 1368 1782 bono,

112 1808 117 1826 ¹
209 1790 242 1850 et
263 1789 412 1852 tenebrae
445 1788 607 1869 depellunt
635 1788 747 1854 lucem.
799 1788 877 1854 Cum
906 1793 1014 1852 autem
1047 1788 1259 1869 unusquisque
1282 1806 1368 1853 sum·

208 1889 335 1954 mopere
358 1880 445 1956 optet
474 1876 523 1940 sui
544 1876 762 1941 liberationem
792 1876 833 1940 ab
856 1875 905 1939 his
936 1874 1171 1939 imminentibus
1195 1877 1367 1954 aerumnis,

209 1968 241 2024 et
255 1978 336 2025 cum
358 1980 421 2027 non
443 1963 620 2028 inveniatur
637 1964 807 2028 auctoritas
830 1980 893 2027 non
914 1963 1073 2043 impedita,
1098 1980 1179 2043 quae
1200 1962 1378 2028 medeatur*

208 2049 319 2113 morbo
340 2049 395 2113 isti
417 2049 580 2130 pestifero,
612 2051 672 2115 nisi
696 2049 835 2115 Persona
856 2049 943 2114 Tuae
966 2049 1166 2128 Sanctitate,
1199 2049 1271 2114 ideo
1296 2051 1368 2114 ausi

209 2152 316 2200 sumus
340 2133 451 2202 offerre
474 2137 607 2218 pedibus
628 2137 714 2203 Tuae
737 2137 921 2203 sanctitatis
943 2135 1003 2203 boc
1025 2135 1232 2202 humillimum
1254 2142 1378 2219 postu--

208 2223 317 2300 latum,
340 2223 488 2289 adstante
510 2223 569 2288 hoc
592 2223 796 2290 sacrosancto
820 2222 958 2289 Concilio
983 2228 1182 2289 oecumenico
1198 2223 1377 2304 Vaticano,

209 2315 397 2392 congregato
423 2312 456 2375 in
479 2311 598 2392 Spiritu
627 2312 743 2377 Sancto
770 2331 790 2377 a
813 2329 960 2393 suprema
989 2310 1058 2376 Tua
1085 2311 1298 2376 Auctoritate:
1332 2317 1372 2378 et

209 2397 299 2462 enixe
322 2398 526 2478 deprecamur
548 2398 792 2465 sollicitudinem
814 2398 913 2462 Tuam
937 2397 1159 2479 Apostolicam,
1182 2405 1219 2461 ut
1240 2397 1274 2462 in
1295 2398 1374 2480 ipso·
1412 2423 1417 2434 ·

209 2484 312 2549 eleves
334 2485 443 2566 Magni
476 2486 615 2552 Pastoris
644 2505 752 2553 vocem
776 2491 887 2551 contra
912 2487 975 2550 iata
1005 2485 1089 2551 mala
1111 2484 1368 2566 innumerabilia,

208 2589 289 2652 quae
312 2576 420 2637 nostro
443 2573 571 2639 saeculo
593 2579 747 2639 vocantur
768 2590 961 2655 progressus,
985 2578 1018 2638 et
1041 2571 1199 2653 cogitandi
1221 2572 1367 2653 libertae,

208 2664 383 2739 sperantes,
409 2660 454 2725 Te
477 2667 690 2727 correcturum
713 2662 777 2726 ista
799 2661 911 2726 insana
933 2659 1053 2739 deliria,
1076 2677 1159 2741 quae
1180 2659 1302 2725 ducunt
1324 2661 1372 2725 ad

207 2763 312 2811 veram
337 2747 531 2826 servitutem,
555 2755 587 2812 et
602 2767 770 2831 perennem
793 2746 1017 2826 infelicitatem,
1044 2751 1099 2812 aut
1122 2746 1162 2812 ad
1184 2748 1289 2812 minus
1310 2746 1380 2812 illa.

207 2832 351 2913 redigere
378 2835 461 2899 inter
482 2835 599 2901 limites
622 2835 754 2916 ferreos,
785 2839 822 2900 nt
844 2850 906 2901 non
935 2835 1057 2917 possint
1086 2836 1202 2900 itemm
1222 2838 1368 2916 praeter·

207 2919 297 3002 gredi
320 2919 466 3000 confines,
490 2940 530 2986 ne
553 2923 686 3004 amplius
717 2923 852 2988 mundus
875 2923 1081 3004 immergatur
1102 2922 1135 2986 in
1158 2921 1277 3004 abyssu
1299 2938 1377 2988 sce·-

206 3005 317 3086 lerum,
351 3014 383 3074 et
413 3009 645 3094 iniquitatum,
663 3011 696 3074 in
718 3009 829 3076 ultimo
857 3015 944 3075 certe
967 3009 1195 3090 omnipotentia
1216 3008 1379 3074 coelestis-

204 3093 319 3175 judicis
342 3097 480 3178 corriget
502 3099 620 3178 omnia,
653 3115 711 3162 sua
729 3098 854 3180 justitia
876 3095 1096 3176 vindicatrice,
1127 3096 1276 3177 quoniam
1299 3096 1370 3178 ipse

207 3187 257 3246 est
279 3184 474 3264 omnipotens
497 3185 619 3264 vindex,
644 3189 676 3249 et
698 3184 841 3249 omnibus
865 3183 1097 3265 sapientissime
1118 3182 1308 3250 medebitur.

312 3270 462 3335 Homines
491 3290 565 3337 vero
594 3271 687 3338 corde
717 3272 811 3351 recti,
845 3276 879 3335 et
902 3276 1060 3336 amatores
1087 3272 1154 3336 veri
1181 3270 1257 3336 boni
1279 3269 1370 3336 haud

207 3364 341 3436 possunt
364 3364 531 3440 expectare
553 3360 689 3441 aliquam
713 3359 963 3424 meliorationem
987 3362 1090 3424 status
1113 3357 1291 3423 calamitosi
1312 3356 1383 3422 bo·-

207 3442 308 3508 dierni
330 3445 438 3510 mundi
454 3445 495 3510 ab
510 3446 574 3511 alia
588 3446 785 3526 auctoritate,
810 3450 962 3528 quantum
977 3445 1037 3510 hoc
1052 3450 1186 3526 possunt
1200 3449 1382 3526 expectare·

208 3549 228 3594 a
250 3529 404 3612 Suprema
434 3532 503 3598 Tua
525 3534 736 3614 auctoritate,
768 3552 849 3615 quae
872 3539 959 3598 certo
990 3532 1099 3614 plures
1120 3532 1218 3597 babet
1239 3531 1369 3597 amarl-

207 3622 328 3684 tatores
351 3620 607 3702 obtemperantes
639 3620 710 3686 aliis
739 3622 985 3703 quibuscumque
1012 3618 1280 3697 Auctoritatibus‚
1312 3619 1372 3701 qui

208 3722 271 3769 non
294 3705 394 3771 solum
418 3708 550 3773 audiunt
570 3709 626 3775 sed
649 3709 745 3774 etiam
768 3708 890 3774 faciunt
905 3707 983 3772 alios
1006 3707 1123 3785 audire,
1147 3711 1181 3772 et
1203 3705 1371 3789 adjuvant,

207 3797 244 3856 ut
274 3791 393 3858 bonum
415 3796 556 3875 praestet
585 3795 682 3875 malo,
716 3801 748 3860 et
777 3797 823 3861 ita
844 3794 925 3860 aliae
952 3795 1168 3860 Auctoritates
1200 3793 1382 3858 audientes-

170 3962 175 3971 Ι
207 3897 317 3945 vocem
340 3881 450 3962 Tuam,
481 3881 652 3948 elevabunt
679 3883 767 3964 ipsae
789 3883 885 3948 etiam
908 3898 1000 3947 voces
1023 3899 1099 3947 suas
1122 3884 1231 3947 contra
1252 3879 1371 3946 horum

209 3973 353 4034 auctores
377 3968 540 4046 malorum,
563 3972 617 4052 qui
639 3969 828 4052 perturbant
854 3968 996 4034 subditos
1020 3974 1054 4034 et
1075 3970 1228 4050 ipsasmet
1250 3969 1371 4034 Aucto-

208 4054 331 4121 ritates.
377 4054 485 4136 Certe,
516 4056 703 4123 Beatissime
726 4057 831 4137 Pater,
858 4074 951 4122 nemo
975 4056 1134 4121 detrectat
1155 4055 1265 4121 audire
1288 4071 1384 4120 sana.

208 4141 305 4207 uerba
326 4143 505 4210 inducentia
519 4143 660 4211 homines
675 4145 717 4210 ad
738 4162 847 4210 verum
863 4161 954 4209 suum
969 4143 1085 4209 stabile
1099 4143 1225 4221 bonum,
1249 4146 1284 4207 et
1297 4159 1371 4207 cor-

208 4227 308 4294 rectio
331 4231 447 4311 optima
468 4231 603 4297 fundata
624 4237 676 4297 est
697 4233 729 4296 in
749 4233 821 4315 Jure
838 4231 979 4314 gentium
1001 4230 1043 4296 ad
1064 4231 1125 4295 rite
1148 4229 1382 4311 componenda.

208 4319 319 4380 mutua
341 4317 504 4382 societatis
523 4320 609 4401 jura3
639 4323 808 4400 propterea
837 4319 993 4383 neminem
1015 4317 1250 4383 rationabiliter
1271 4333 1381 4396 posse·
