2946 4942
165 309 230 372 960
547 330 552 339 r
651 322 830 372 nomusurs

163 462 322 529 servilium
348 461 555 541 abstinentia,
587 464 701 545 majori
731 463 826 527 etiam
849 461 1003 528 fidelitate
1025 482 1120 545 quam
1146 466 1236 547 ipsae
1259 466 1328 532 Do-

162 550 311 628 minicae,
336 549 514 630 etquidem
539 567 601 613 non
630 550 732 614 solum
764 547 950 618 afideiihus
973 548 1170 631 Christianis,
1203 553 1261 617 sed
1284 555 1328 619 ab

162 639 200 703 iis
222 637 320 703 etiam
343 636 397 717 qui
419 636 591 718 Religionis
609 638 720 719 jugum
745 637 947 717 caeteroquin
969 637 1126 718 rejiciunt.

267 724 461 790 Meridianse
490 723 627 803 Galbae,
660 726 886 807 speciatimque
915 727 1062 806 Lugduni
1090 726 1187 792 Urbis
1209 727 1326 793 Dissi-

162 813 270 878 dentes
292 811 476 877 schismatis
499 811 548 875 sui
569 812 709 876 rationes
731 830 816 876 mere
838 812 1004 894 religiosas
1027 811 1140 879 afferre
1163 815 1323 880 videntur.

160 900 389 964 Verumtamen
422 917 503 980 quae
537 897 569 964 S.
605 897 779 963 Concilium
810 899 998 964 Vaticanum
1028 901 1135 966 media
1164 902 1324 985 judicabit

161 993 339 1071 opportune
354 986 533 1052 adhibenda
546 991 604 1050 aut
617 987 870 1068 praescribenda,
888 988 929 1051 ad
943 990 1174 1068 procurandam
1194 989 1323 1057 illorum

161 1075 407 1153 conversionem,
431 1078 464 1140 et
487 1092 668 1154 regressum
691 1075 723 1138 in
746 1073 836 1139 Ovilc
858 1073 889 1138 J.
913 1073 1045 1156 Christi,
1075 1075 1322 1142 Dissidentibas

161 1163 257 1228 etiam
286 1161 428 1227 Vendece
450 1168 545 1224 erunt
570 1161 789 1242 acceptabilia,
821 1180 892 1226 cum
915 1180 1023 1227 omnes
1040 1186 1042 1190 ’
1057 1182 1140 1229 nunc
1169 1165 1321 1247 tennporis

160 1250 268 1316 oculos
298 1249 341 1315 ad
362 1247 637 1314 Eminentissimos
659 1248 771 1313 Patres
799 1247 930 1314 Consilii
954 1250 1156 1316 Oecumenici
1186 1251 1322 1332 elevent,

159 1339 258 1404 verba
279 1337 364 1402 vitae
387 1335 595 1418 postulantes,
618 1353 801 1418 summoque
823 1337 979 1403 desiderio
1003 1343 1217 1418 expectantes.

264 1424 342 1488 Mihi
376 1429 588 1506 opportunum
625 1425 725 1488 uisum
760 1430 810 1490 est
843 1423 916 1489 huic
951 1425 1087 1507 supplici
1123 1425 1229 1493 libello
1264 1428 1321 1492 ad-

156 1530 307 1597 pungere:

243 1662 245 1672 ,
268 1605 295 1664 1.
318 1599 390 1664 Duo
412 1600 530 1680 scripta
553 1599 594 1664 ab
609 1599 789 1665 oratoribus
806 1599 1038 1665 Dissidentibus
1052 1601 1136 1684 typis
1158 1599 1320 1681 mandata,

29 1696 33 1704 '
158 1706 292 1770 quorum
314 1687 398 1751 tituli
421 1692 511 1751 sunt:

265 1772 443 1839 Canonicae
465 1780 497 1838 et
518 1774 792 1839 reverentissimae
815 1773 1082 1855 expostulationes
1105 1773 1232 1858 (1893).

263 1862 532 1927 Reverentissima
553 1859 786 1927 Commentatio
810 1866 870 1928 etc.
895 1861 1021 1945 (1869).

265 1953 293 2016 9.
318 1949 477 2028 Quasdam
500 1950 735 2015 observationes
759 1949 885 2014 criticas
909 1950 993 2015 circa
1014 1947 1094 2014 haec
1109 1949 1172 2014 duo
1188 1949 1321 2032 scripta

159 2034 238 2103 (ium
260 2037 397 2112 maxima
420 2038 597 2102 reverentia
618 2043 759 2104 vestrum
783 2055 833 2100 me
854 2035 959 2101 fateor

375 2139 622 2206 Eminentissimi
644 2147 678 2207 et
699 2141 954 2206 reverendissimi
977 2141 1099 2219 Patres,

146 2303 148 2307 .
263 2245 381 2310 Rornae
406 2250 456 2310 19.
479 2245 646 2313 Februarii
671 2250 764 2311 1870.

512 2386 833 2452 observantissimum
856 2392 889 2451 et
909 2384 1118 2451 humilhmum
1140 2385 1274 2453 Servum

591 2492 611 2573 †
633 2488 767 2556 Carolus
789 2489 890 2570 Celet,
915 2491 972 2572 Ep.
997 2490 1212 2557 Lucionensia
1292 2587 1304 2592 “

631 2668 839 2676 --..—-—-—

382 2786 395 2801 θ
451 2837 796 2905 OBSERVATIONES
818 2834 1013 2951 clusionis

154 2985 252 3059 asper
274 2977 396 3045 duobus
417 2979 549 3060 scriptos
572 2978 616 3043 ud
636 2979 851 3060 quaestionem
880 2977 1108 3043 dissidentium
1132 2983 1209 3058 post
1233 2977 1315 3046 Ocn-

260 3084 423 3149 ccrdctum
448 3083 578 3149 Gallice
599 3083 825 3165 spectantibus,
848 3102 983 3165 quorum
1006 3081 1095 3147 citou·
1116 3088 1230 3147 accat:¹

259 3222 437 3289 canonicae
460 3228 493 3289 et
515 3223 791 3289 reverentissimae
814 3221 1083 3304 expostulationes
1107 3222 1233 3307 (1893).

144 3361 155 3382 .
260 3310 526 3376 Reverentissima
548 3309 781 3377 Commentatio
804 3316 864 3377 etc.
890 3310 1014 3393 (1869).

263 3439 290 3501 1.
316 3433 365 3499 Ad
386 3433 468 3499 hanc
489 3434 706 3515 quaestionem
733 3434 796 3498 rite
822 3432 1052 3498 discutiendam
1079 3430 1243 3498 fatendum
1265 3438 1315 3498 est

152 3520 240 3602 quod·
250 3521 398 3603 Episcopi
422 3521 461 3587 de
483 3522 596 3603 quibus
618 3521 723 3603 agitur
745 3538 807 3586 non
827 3518 955 3585 fuerunt
969 3519 1169 3600 vituperandi
1183 3525 1316 3602 propter

152 3608 421 3688 expostulationes
443 3609 483 3674 ab
506 3609 583 3690 ipsis
600 3609 642 3673 ad
657 3626 812 3673 summum
827 3605 1013 3673 Pontificem
1028 3607 1175 3674 directas.
1207 3607 1314 3674 Verba

151 3694 316 3762 Benedicti
337 3696 421 3761 XIV.
446 3703 478 3762 et
496 3695 543 3760 Pii
565 3696 618 3762 VI.
641 3696 674 3760 in
695 3696 810 3777 pagina
836 3699 876 3759 19
898 3693 1018 3760 Canon.
1043 3700 1072 3758 et
1091 3692 1168 3761 Rev.
1192 3700 1313 3777 exposa.

151 3782 185 3848 id
206 3783 292 3849 clare
314 3784 458 3864 probant.

143 3869 148 3880 '
259 3875 287 3934 2.
311 3870 424 3937 Procul
448 3871 543 3935 dubio
566 3873 756 3952 argumenta
777 3886 840 3933 non
862 3868 943 3934 levis
965 3867 1117 3934 momenti
1131 3866 1314 3935 'atterebant

151 3956 284 4040 ipsidem
317 3958 466 4040 Episcopi
500 3959 532 4023 in
567 3959 633 4022 suis
666 3956 991 4038 expostulationibus,
1024 3956 1091 4020 sive
1123 3955 1312 4022 intendatur

152 4046 296 4128 quaestio
319 4046 351 4109 in
373 4064 408 4113 se
431 4047 517 4129 (pag.
542 4052 594 4126 40,
619 4045 782 4126 53-55);
811 4045 877 4109 sive
899 4043 1110 4127 respiciantur
1131 4041 1251 4112 abusus
1274 4061 1313 4108 ex

151 4136 244 4217 parte
267 4131 420 4198 Gubernii
443 4132 621 4199 Galliarum
643 4136 827 4214 grassantes
858 4132 901 4214 (n.
924 4149 954 4213 q.
980 4134 1042 4198 art.
1065 4129 1212 4214 arpen.);
1244 4131 1312 4196 sinc

151 4218 334 4286 attendatur
357 4225 398 4287 ad
419 4220 663 4304 prohibitionem
686 4218 831 4301 exigendi
852 4219 1110 4284 retractationem
1132 4217 1174 4283 ab
1196 4217 1236 4283 iis
1258 4217 1313 4300 qni

151 4307 283 4374 fuerunt
305 4307 420 4373 intrusi
442 4310 530 4393 (pag.
554 4307 718 4392 90-95);
739 4306 783 4372 ad
809 4306 1057 4373 nominationem
1078 4303 1312 4388 Episcoporum
