2946 4942
158 329 198 389 16
544 343 735 392 consumoque
757 343 928 391 ooouarror

153 483 282 546 omnino
312 480 425 546 falsam
458 499 527 546 csse
555 480 728 546 definimus.
741 481 765 563 1)
822 480 919 545 Porro
949 479 1105 560 Ecclesia,
1141 498 1222 562 quae
1249 497 1313 544 una

155 589 228 633 cum
253 568 425 650 apostolico
456 587 585 634 munere
609 569 755 647 docendi,
788 567 971 632 mandatum
996 570 1132 650 accepit,
1163 567 1237 632 fidei
1260 567 1314 632 de-

154 657 293 738 positum
318 656 522 735 custodiendi,
544 658 596 738 jus
620 657 715 720 etiam
738 664 770 721 et
793 655 927 721 officium
950 656 1099 721 divinitus
1122 656 1219 720 habet
1241 653 1314 720 falsi

154 744 290 809 nominis
312 744 477 809 scientiam
507 743 738 825 proscribendi,
768 761 808 808 ne
836 743 905 824 quis
930 743 1104 824 decipiatur
1133 762 1190 824 per
1212 742 1313 823 philo·

155 831 306 914 sophiam,
334 836 368 896 et
389 832 515 896 inanem
537 830 744 913 fallaciam.2)
794 830 994 912 Quapropter
1021 848 1127 895 omnes
1151 829 1314 896 christiani

154 918 263 985 fideles
286 918 466 1001 hujusmodi
482 919 652 1000 opiniones
676 937 757 1000 quae
772 916 846 982 fidei
865 919 1027 989 doctrinae
1042 918 1220 984 contrariae
1243 935 1313 983 esse

153 1012 399 1090 cognoscuntur,
430 1006 565 1072 maxime
595 1008 621 1071 si
645 1006 685 1071 ab
713 1004 856 1071 Ecclesia
878 1005 1066 1087 reprobatae
1088 1003 1219 1085 fuerint,
1249 1023 1312 1070 non

155 1094 256 1160 solum
292 1093 499 1176 prohibentur
531 1098 683 1174 tanquam
719 1093 876 1176 legitimas
913 1093 1063 1158 scientiae
1097 1091 1313 1158 conclusiones

154 1181 336 1261 defendere,
371 1181 428 1247 sed
461 1200 519 1264 pro
553 1181 712 1247 erroribus
745 1182 863 1263 potius,
899 1181 953 1262 qui
985 1178 1130 1246 fallacem
1168 1179 1312 1246 veritatis

151 1269 291 1352 speciem
313 1287 390 1351 prae
411 1287 447 1335 se
468 1268 582 1349 ferant,
606 1269 724 1334 habere
747 1274 897 1334 tenentur
918 1269 1054 1335 omnino.

259 1357 369 1438 Neque
396 1357 497 1422 solum
527 1357 605 1422 fides
633 1362 665 1422 et
686 1358 766 1421 ratio
797 1358 880 1422 iuter
907 1373 942 1420 se
972 1355 1123 1421 dissidere
1151 1373 1312 1437 nunquam

154 1448 296 1527 possunt,
320 1442 376 1508 sed
398 1462 491 1525 opem
513 1462 636 1525 quoque
659 1445 718 1508 sibi
733 1449 875 1508 mutuam
897 1443 1011 1524 ferunt,
1035 1462 1106 1510 curn
1120 1449 1208 1508 recta
1228 1442 1313 1509 ratio

152 1528 229 1597 'fidei
250 1531 457 1597 fundamenta
484 1532 691 1611 demonstret,
723 1531 852 1612 ejusque
873 1530 991 1595 lumine
1020 1530 1181 1597 illustrata
1203 1548 1310 1595 rerum

153 1619 332 1685 ‚divinarum
355 1620 518 1684 scientiam
541 1619 680 1700 excolat3
709 1616 787 1683 fides
809 1638 885 1685 vero
907 1619 1062 1684 rationem
1086 1619 1126 1682 ab
1150 1618 1311 1684 erroribus

154 1707 269 1772 liberet
290 1726 328 1772 ac
349 1712 487 1787 tucatur,
512 1725 643 1788 eamque
659 1706 823 1788 multiplici
846 1707 1022 1787 cognitione
1044 1708 1193 1772 instruat.
1228 1706 1323 1795 Qua--

154 1801 284 1877 propter
306 1800 430 1859 tantum
451 1795 551 1875 abest,
578 1800 614 1858 ιιι
635 1795 779 1860 Ecclesia
797 1795 1006 1859 humanarum
1029 1794 1143 1859 artium
1167 1797 1199 1858 et
1221 1785 1333 1861 disci-¹

155 1881 313 1963 plinarum
343 1881 487 1948 culturae
509 1881 656 1961 obsistat,
688 1887 724 1947 ut
746 1882 828 1948 hanc
854 1882 962 1947 multis
984 1882 1086 1949 modis
1105 1881 1196 1963 juvet
1217 1887 1315 1962 atque

155 1974 348 2051 promoveat.
398 1968 466 2034 Non
499 1968 581 2034 enim
612 1971 776 2035 commoda
808 1970 850 2034 ab
877 1970 916 2034 iis
950 1969 991 2034 ad
1024 1969 1186 2036 hominum
1212 1969 1311 2034 vitum

153 2058 352 2123 dimanantia
373 2062 430 2122 aut
451 2057 576 2139 ignorat
597 2062 654 2122 aut
676 2057 827 2140 despicit;
861 2056 978 2122 fatetur
1000 2057 1077 2137 imo,
1106 2075 1174 2138 eas,
1203 2075 1311 2138 quem-

152 2144 328 2211 admodum
350 2162 370 2208 a
393 2144 473 2225 Deo,
503 2144 704 2209 scientiarum
737 2145 885 2226 Domino,
917 2143 1075 2227 proiectae
1098 2150 1186 2224 sunt,
1217 2145 1263 2209 ita
1285 2146 1312 2209 si

155 2235 217 2298 rite
238 2236 483 2314 pertractentur,
516 2232 557 2296 ad
584 2231 699 2311 Deum,
731 2235 863 2315 juvante
891 2234 959 2315 ejus
981 2234 1096 2312 gratia,
1116 2233 1311 2314 perducere.
1358 2286 1361 2293 .

156 2319 222 2386 Nec
244 2338 319 2384 sane
342 2320 411 2401 ipsa
433 2323 536 2398 vetat,
563 2337 603 2381 ne
625 2318 805 2402 hujusmodi
828 2318 1010 2401 disciplinae
1033 2321 1065 2385 in
1088 2338 1144 2385 suo
1168 2337 1312 2401 quaeque

153 2407 279 2475 ambitu
311 2406 447 2489 propriis
481 2411 615 2470 utantur
647 2407 808 2489 principiis
838 2411 871 2472 et
899 2409 1029 2489 propria
1056 2407 1220 2486 method03
1255 2406 1312 2472 sed

149 2495 272 2578 justam
294 2494 376 2561 hanc
397 2494 574 2560 libertatem
596 2512 782 2576 agnoscens,
806 2494 839 2560 id
862 2495 970 2561 sedulo
994 2500 1098 2575 cavet,
1123 2514 1163 2561 ne
1186 2495 1312 2560 divinae

89 2595 92 2602 '
156 2584 318 2650 doctrinae
334 2581 540 2663 repugnando
557 2600 680 2647 errores
703 2583 735 2647 in
751 2601 785 2648 se
801 2584 983 2664 suscipiant,
1006 2588 1061 2648 aut
1076 2581 1153 2648 fines
1168 2583 1313 2664 proprios

155 2680 385 2752 transgressae,
409 2687 456 2748 ea,
480 2687 561 2750 quae
584 2673 657 2733 sunt
678 2668 760 2752 fidei,
782 2677 935 2752 occupent
957 2676 989 2737 et
1011 2671 1206 2753 perturbent.

261 2756 370 2838 Neque
401 2758 483 2821 enim
510 2755 583 2821 fidei
613 2756 769 2836 doctrina,
801 2776 895 2839 quam
918 2761 1003 2824 Deus
1026 2758 1193 2836 revelavit,
1225 2756 1313 2823 velut

59 2891 62 2894 >
153 2844 407 2928 philosophicum
436 2844 599 2909 inventum
625 2846 788 2928 proposita
817 2851 867 2910 est
899 2845 1045 2912 humanis
1074 2846 1208 2927 ingeniis
1241 2864 1314 2927 per·

151 2929 307 3013 deiende,
346 2932 403 2998 sed
436 2938 588 3014 tanquam
622 2932 761 2998 divinum
799 2933 977 3014 depositum
1014 2932 1135 2999 Christi
1171 2932 1313 3015 Sponsae

156 3020 283 3100 tradita,
306 3019 443 3086 fideliter
471 3019 676 3104 custodienda
707 3025 739 3086 et
760 3019 966 3087 infallibiliter
987 3020 1185 3088 declaranda.
1231 3021 1314 3086 Hinc

151 3124 317 3173 sacrorum
339 3126 464 3189 quoque
486 3107 669 3189 dogmatum
691 3109 718 3173 is
741 3127 852 3174 sensus
872 3113 1026 3191 perpetuo
1049 3114 1097 3176 est
1120 3108 1312 3188 retinendus,

152 3213 249 3276 quem
272 3194 369 3260 semel
391 3195 564 3261 declaravit
593 3195 710 3261 Sancta
732 3196 834 3262 Mater
856 3196 1007 3278 Ecclesia,
1029 3216 1088 3262 nec
1110 3215 1249 3278 unquam
1273 3197 1314 3262 ab

157 3300 194 3346 eo
217 3301 319 3362 sensu,
348 3282 469 3347 altioris
492 3283 720 3364 intelligentiae
746 3285 850 3365 specie
873 3290 904 3349 et
927 3286 1061 3364 nomine,
1094 3283 1314 3350 recedendum.

152 3366 288 3436 Crescat
314 3371 410 3451 igitur
432 3376 465 3435 et
487 3371 621 3435 multum
643 3373 907 3452 vehementerque
929 3370 1087 3454 proficiat,
1118 3377 1184 3436 tam
1207 3373 1315 3454 singu-

157 3456 266 3535 lorum,
289 3475 384 3538 quam
400 3458 548 3538 omnium,
564 3465 629 3523 tam
646 3459 896 3540 utriushominis,
913 3477 1007 3540 quam
1030 3461 1127 3526 totius
1143 3461 1314 3541 Ecclesiae,

151 3548 296 3608 aetatum
312 3564 351 3610 ac
365 3546 562 3611 saeculorum
578 3548 737 3627 gradibus,
753 3546 971 3629 intelligentia,
986 3549 1127 3630 scientia,
1143 3549 1315 3628 sapientia:

157 3630 214 3695 sed
236 3633 269 3695 in
291 3649 348 3697 suo
371 3633 538 3698 dumtaxat
553 3653 676 3717 genere,
700 3636 731 3699 in
755 3634 865 3700 eodem
881 3635 1000 3700 scilicet
1023 3636 1179 3718 dogmate,
1204 3636 1317 3703 eodem

31 3796 33 3800 ¹
150 3736 259 3798 sensu,
284 3720 454 3802 eademque
477 3723 681 3805 sententia.³)

265 3947 286 4014 ¹)
306 3945 388 4000 Cone.
408 3947 469 4000 Lat.
489 3947 520 3999 V.
541 3947 621 4001 Bulla
639 3948 795 4030 adportet-iri
812 3949 962 4018 capitulata.

264 4018 286 4084 ²)
305 4016 411 4072 Coloss.
432 4018 467 4076 11.
486 4019 511 4075 8.
585 4021 605 4082 ιιι
625 4019 702 4075 Vino.¹
720 4019 778 4076 er.
797 4020 935 4076 common.
954 4035 980 4077 n.
1000 4023 1041 4074 28.

689 4282 700 4293 n
704 4282 731 4293 ΑΛ
736 4283 747 4292 ss
751 4282 841 4295 Αινν-ΛΛ
