2946 4942
152 333 215 393 214
646 349 815 396 resumam

151 485 256 550 omnia
277 484 498 551 instauremus.
543 486 613 569 Eju,
638 489 840 553 Venerabiles
854 489 975 568 Patres,
993 489 1198 571 celebremus,
1224 495 1315 558 antc-

151 591 246 654 quam
269 574 446 638 dividamur
467 575 626 655 ingentes
649 582 783 652 nostras,
807 576 1001 641 celebremus
1016 595 1131 642 nornen
1153 582 1311 646 nostrum.

152 659 276 728 JESUS
301 662 383 725 enim
399 667 449 727 est
465 667 608 726 sanctum
624 661 746 726 Nomen
761 670 911 742 nostrum,
928 663 1177 744 fundamentum,
1202 666 1310 746 robur,

151 749 252 832 virtus
275 754 369 828 atoue
393 749 541 829 splendor
564 757 680 830 noster,
711 769 784 814 nam
807 752 875 831 ipse
898 751 984 814 dedit
1008 749 1223 833 Semetipsum
1252 772 1312 836 pro

152 836 252 900 nobis.
298 833 512 900 Olarificemus
535 855 609 915 ergo
632 838 665 903 iu
688 836 792 902 Missis
816 855 887 902 cum
917 855 1000 902 nova
1026 837 1087 902 hac
1108 837 1314 904 Praefationc

152 923 210 988 hoc
233 922 417 988 admirabile
432 923 562 989 Nomen.
601 923 810 1000 Quamobrem
833 943 897 990 una
919 942 1041 990 mecum
1064 943 1190 1006 quaeso,
1215 924 1313 991 olla·

153 1009 265 1075 clasiae
287 1009 443 1090 Pastores,
469 1012 556 1074 enixe
580 1029 616 1074 ac
640 1013 830 1076 unanimiter
859 1013 899 1077 ad
922 1012 1059 1075 Primum
1092 1019 1188 1094 atque
1212 1013 1312 1078 Maxi·

153 1116 237 1161 mum
253 1105 415 1178 pastorum
432 1098 569 1163 omnium
580 1097 818 1163 Sanctissimum
835 1098 1003 1163 Dominum
1019 1099 1109 1163 Pium
1126 1100 1315 1182 suppliciter

68 1187 69 1190 ’
153 1185 288 1251 clamate
312 1192 439 1249 orantes
462 1190 498 1249 ut
520 1186 667 1267 dignetur
689 1184 846 1251 ineffabile
868 1185 971 1252 JESU
992 1185 1121 1266 Nomen,
1152 1188 1241 1267 quod
1263 1193 1309 1253 cst
1334 1218 1336 1224 ·

153 1291 248 1354 super
271 1275 363 1337 omne
385 1291 508 1352 nomen,
532 1292 551 1336 a
574 1275 718 1354 generice
741 1291 851 1338 norma
875 1274 1024 1355 excipere,
1047 1292 1110 1355 qua
1133 1274 1195 1338 sibi
1215 1273 1310 1340 Sacra

153 1361 283 1424 Rituum
306 1358 517 1441 congregatio
551 1361 801 1442 praescripserat
834 1360 919 1425 ultra
950 1378 1048 1425 novas
1082 1379 1144 1425 non
1172 1362 1310 1427 addendi

154 1448 367 1512 concessiones
401 1465 554 1511 novarum
587 1449 617 1512 in
652 1449 756 1513 missis
790 1447 1029 1530 praelationum.
1094 1449 1186 1513 Adsit
1222 1449 1310 1514 nobis

120 1603 121 1610 ,
155 1532 266 1600 efficax
288 1534 479 1615 praesidium
502 1535 724 1600 Sanctissimae
748 1536 886 1617 Virginis
910 1535 1031 1600 Mariae
1060 1537 1093 1599 in
1121 1553 1180 1600 sua
1209 1537 1315 1617 puris·

154 1624 233 1686 sima
257 1620 466 1702 Conceptione
491 1622 725 1700 Immaculatae3
747 1623 821 1705 Ipsa
843 1625 896 1704 pia
910 1622 1009 1704 Virgo
1032 1627 1064 1686 et
1079 1621 1194 1701 Mater,
1215 1624 1312 1688 totius

155 1709 315 1775 Ecclesiae
338 1709 422 1774 hisce
456 1711 566 1774 diebus
600 1711 640 1775 ab
674 1710 777 1792 impiis
804 1709 1016 1774 labefactatae
1045 1726 1116 1791 spes
1148 1715 1181 1774 ct
1210 1710 1312 1776 tutela

154 1796 350 1872 firmissima3
383 1796 457 1877 Ipsa
483 1815 565 1878 quae
588 1799 671 1862 inter
702 1815 809 1862 omnes
831 1797 1064 1878 protoparentis
1093 1795 1174 1861 filios
1210 1799 1313 1880 primu

155 1883 312 1949 ineffabile
336 1882 437 1948 JESU
460 1884 580 1948 Nomen
603 1885 644 1948 ab
668 1884 788 1966 Angelo
820 1884 943 1963 didicit,
968 1892 1000 1948 et
1027 1902 1099 1948 vere
1122 1883 1243 1949 iactum
1266 1892 1313 1949 cst

154 1972 187 2035 in
212 1989 265 2036 cor
288 1972 356 2053 ejus
386 1969 446 2034 hoc
479 1978 623 2036 sanctum
645 1970 767 2035 Nomen
791 1970 904 2036 Oleum
931 1969 1071 2049 effusum,
1103 1971 1186 2052 quod
1210 1977 1314 2036 totam

155 2059 234 2122 mira
256 2059 422 2123 dulcedine
445 2061 513 2140 ejus
536 2060 671 2140 replevit
693 2059 846 2138 animam,
877 2060 947 2139 ipsa
969 2058 1150 2124 dulcissima
1180 2077 1220 2122 ac
1244 2078 1314 2141 gra·

156 2148 276 2210 tissima
298 2147 404 2210 Mater
435 2163 532 2210 novas
565 2147 637 2210 huic
660 2145 865 2210 Sanctissimo
888 2145 1015 2210 Nomini
1046 2165 1128 2210 nunc
1156 2146 1315 2228 rependat

156 2235 247 2314 vices,
271 2237 307 2297 ut
329 2233 591 2313 quemadmodum
612 2235 644 2297 in
668 2231 801 2298 Nomine
832 2233 935 2299 JESU
968 2233 1151 2315 dogmatum
1174 2234 1320 2298 omnium

157 2318 358 2401 compendio,
384 2320 540 2384 sexdecim
556 2320 670 2386 abhinc
695 2322 785 2385 annis
812 2321 902 2385 aPio
918 2318 1140 2402 conceptionis
1159 2319 1325 2386 Pontifice-

156 2412 221 2471 tam
245 2407 391 2488 gloriose,
419 2409 451 2470 in
475 2407 654 2488 dogmatica
677 2405 855 2473 defiuitione
880 2407 1105 2472 immaculatae
1131 2424 1209 2472 suae
1233 2406 1317 2474 Con·

158 2495 311 2575 captionis
335 2492 508 2560 clarificata
536 2493 604 2576 luit,
629 2498 674 2560 sic
697 2499 768 2576 ipsa
790 2514 872 2560 nunc
895 2500 1036 2577 praestet
1058 2500 1095 2558 ut
1116 2495 1318 2575 praedictum

157 2582 340 2647 admirabile
363 2581 485 2647 Nomen
508 2601 589 2648 novo
612 2583 730 2648 honore
752 2601 822 2647 cum
846 2600 927 2647 nova
949 2581 1008 2646 hac
1036 2583 1068 2645 in
1092 2582 1196 2646 missis
1220 2582 1324 2648 Prae-

156 2668 273 2734 fatioue
296 2668 498 2735 clarificetur.
543 2668 595 2735 Sic
616 2675 727 2752 postea
750 2667 791 2734 ad
807 2687 880 2734 oves
895 2674 1021 2734 nostras
1036 2669 1195 2733 reversuri
1220 2688 1324 2735 novas

154 2758 265 2822 laudes
298 2758 409 2823 Eidem
442 2756 647 2823 Sanctissimo
685 2756 811 2822 Nomini
844 2757 1055 2821 exultantibus
1091 2757 1205 2821 animis
1244 2775 1325 2842 con-

155 2846 303 2910 cinemus.
348 2843 428 2924 Fiat,
452 2842 519 2908 fiat.

244 2983 430 3068 †Raphael
452 2984 714 3065 Archiepiscopus
736 2983 927 3048 Brundusin.
950 2985 986 3046 A.
1010 2983 1044 3049 P.
1069 2984 1228 3050 Ostuuen.

544 3436 598 3518 lt.
626 3434 931 3518 Postmodum

215 3610 270 3675 UT
293 3609 455 3676 SANOTO
477 3610 664 3678 JOSEPHO
692 3610 860 3675 ΒΕΑΤΑΕ
883 3609 1045 3673 MARIAE
1067 3606 1264 3674 VIRGINIS

241 3713 399 3781 SPONSO
422 3714 467 3779 IN
489 3713 623 3781 SACRA
644 3713 848 3814 LITURGIA
870 3712 1013 3778 DEBITI
1034 3709 1237 3778 HONORFS

574 3817 898 3886 DECERNANTUR.

260 3976 400 4041 Beatam
416 3976 599 4057 Joseplcam,
623 3977 774 4057 singulari
788 3976 847 4040 Dei
862 3974 1067 4056 providentia,
1098 3989 1176 4053 prae
1200 3974 1323 4038 ceteris

156 4064 310 4128 creaturis
334 4064 469 4129 electum
491 4063 609 4144 fuisse,
621 4075 657 4129 ut
676 4064 831 4145 Deiparae
848 4062 985 4144 Virginis
1001 4058 1146 4140 Sponsus
1168 4063 1202 4123 et
1218 4059 1321 4124 Verbi

156 4149 318 4230 incarnati,
340 4170 403 4217 nou
426 4153 630 4233 generatione
654 4152 788 4232 quidem,
813 4149 871 4214 sed
887 4148 1051 4226 charitate,
1074 4146 1256 4228 adoptione,
1280 4165 1322 4211 ac

157 4237 346 4301 matrimonii
357 4239 437 4319 jure,
461 4237 560 4304 Pater
576 4256 646 4303 esse
662 4243 846 4316 mereretur,
863 4254 955 4300 nemo
972 4251 1054 4299 unus
1072 4235 1210 4315 ignorat.
1229 4234 1326 4298 Adeo

156 4330 207 4401 ut,
237 4324 352 4388 nedum
374 4326 527 4390 insumis
557 4324 728 4407 evangeliis
763 4330 860 4405 atque
896 4325 935 4388 ab
969 4323 1103 4404 ipsamet
1125 4319 1321 4386 Beatissima
