2946 4942
210 320 272 381 128
572 330 730 378 sonannrr
753 329 1010 378 consurrurrouun

210 474 406 553 eandemque
433 477 501 536 turn
532 489 590 552 per
619 486 665 549 se,
696 469 780 550 quod
804 470 1007 550 praecipuum
1036 487 1146 534 eorum
1174 487 1289 534 munus
1313 475 1378 550 est,

208 568 276 624 turn
299 578 357 641 per
373 559 548 623 animarum
571 562 711 622 rectores
727 563 759 620 et
781 557 872 620 verbi
893 557 953 620 Dei
974 575 1146 638 praecones
1162 557 1373 622 erudiendam

209 647 377 728 diligenter
410 653 522 710 curent
549 646 581 709 in
611 642 686 708 fidei
716 644 846 709 scient-ia
878 650 911 708 et
940 661 1061 707 morum
1095 643 1271 725 disciplina,
1308 662 1379 724 qno

108 803 112 811 ,
209 733 382 799 catholicae
406 731 565 797 Ecclesiae
582 731 756 796 doctrinam
779 732 936 812 integram
959 731 1204 812 inviolatamque
1221 733 1372 810 retineat,

209 829 242 886 et
266 821 387 885 divinae
411 819 489 900 legis
504 825 675 900 praecepta
697 819 748 899 pie
772 825 804 881 et
827 824 935 882 sancte
951 817 1117 883 custodiat.
1153 819 1238 896 Quos
1251 824 1379 883 autem

209 927 246 972 ex
268 906 412 973 fidelibus
428 907 487 970 sibi
504 907 677 971 commissis
700 924 720 969 a
735 907 878 969 veritatis
894 912 926 970 et
941 905 1162 970 mandatorum
1180 906 1239 971 Dei
1254 906 1382 970 semita.

208 996 395 1060 aberrantes
417 995 604 1074 repererint,
634 993 772 1073 benigne
796 1011 833 1057 ac
862 994 1020 1074 patienter
1043 993 1247 1072 admoneant,
1280 993 1377 1058 obse·

209 1089 310 1161 crent,
342 1083 519 1162 increpent,
539 1080 732 1160 »nullumque
755 1080 1011 1160 praetermittant
1040 1078 1177 1144 officium
1200 1085 1236 1145 ut
1259 1098 1376 1145 eorum

208 1170 328 1234 animas
352 1168 419 1233 Deo
441 1165 649 1244 lucrifaciant,
674 1185 808 1247 ovesque
831 1167 938 1231 devias
961 1173 993 1231 et
1007 1168 1148 1248 perditas
1170 1166 1245 1232 boni
1265 1167 1384 1232 instar·

208 1258 347 1338 pastoris
378 1256 419 1319 ad
449 1256 570 1320 caulam
593 1254 720 1318 Domini
748 1255 918 1331 reducant,
951 1263 985 1318 et
1008 1256 1050 1333 si,
1083 1254 1198 1335 spretis
1230 1255 1374 1334 monitis,

208 1343 450 1421 hortationibus,
473 1347 506 1407 et
524 1343 631 1425 justae
646 1342 741 1406 etiam
764 1360 802 1406 ac
824 1341 974 1406 salutaris
990 1342 1189 1407 coercitionis
1210 1341 1382 1421 remediis,

208 1433 242 1494 in
265 1448 322 1494 sua
350 1430 508 1509 pravitate
540 1430 753 1509 perstiterint,
790 1446 829 1492 ne
860 1438 1021 1509 tamquam
1042 1429 1205 1494 morbidae
1230 1428 1383 1511 pecudea·

211 1517 397 1596 contagione
420 1521 563 1593 noceant,
587 1515 760 1596 prudenter
776 1513 1014 1596 efficaciterque,
1039 1515 1144 1596 quoad
1165 1516 1242 1597 ipsis
1258 1516 1376 1581 datum

211 1610 268 1681 est,
297 1603 495 1684 provideant.
545 1601 673 1667 Summo
703 1621 826 1683 quoque
850 1602 955 1667 studio
985 1609 1018 1667 et
1040 1621 1116 1668 cura
1144 1602 1313 1669 elaborent
1336 1609 1377 1669 ut

210 1692 243 1754 iu
258 1690 318 1754 Dei
333 1691 495 1770 ministris
519 1708 538 1754 a
560 1692 671 1771 quibus
687 1691 883 1770 potissimum
906 1690 1032 1754 vivendi
1047 1689 1190 1772 exempla
1204 1695 1382 1771 petuntur,

209 1796 332 1842 morum
356 1777 507 1858 gravitm,
532 1778 616 1841 vitae
640 1782 740 1842 sanctu
715 1778 754 1841 tt‘
741 1781 802 1856 tao,
829 1787 925 1856 atque
948 1777 1090 1841 doctrina
1113 1777 1245 1855 eluceat,
1270 1777 1384 1842 eccle·-

211 1867 289 1929 siast
289 1865 340 1929 ica
363 1864 529 1944 disciplina
552 1870 656 1928 servet
657 1878 703 1944 ur,
736 1872 768 1928 et
789 1864 844 1929 ubi
867 1864 1008 1944 collapsa
1030 1862 1138 1944 fuerit,
1169 1827 1375 1929 restituatur

210 1953 274 2032 Ipsi
297 1958 352 2015 aut
354 1970 404 2015 em
426 1952 574 2032 Episcopi
596 1951 673 2015 ita
665 1970 698 2015 m
714 1952 857 2016 omuibus
880 1969 914 2014 se
937 1957 1057 2032 gerant,
1082 1960 1118 2016 ut
1139 1945 1244 2016 nullus
1259 1957 1384 2033 pateat

101 2081 105 2089 ·
210 2042 243 2103 in
277 2041 321 2103 eis
356 2038 592 2187 reprehensioni
624 2039 725 2116 locus,
760 2036 834 2103 iact'
812 2044 898 2118 tique
929 2037 1030 2103 forma
1061 2040 1166 2120 gregis
1196 2057 1234 2102 ex
1265 2040 1383 2103 animo

211 2133 304 2190 cunct
304 2127 332 2190 is
355 2124 426 2204 fide,
451 2127 550 2190 scient
552 2127 592 2200 ia,
616 2132 649 2189 et
672 2133 784 2190 sancta
807 2131 971 2189 conversat
972 2127 1042 2190 ione
1064 2131 1226 2206 praeeant.

316 2213 399 2275 Dum
436 2218 540 2276 autem
579 2212 720 2276 debitum
754 2213 1008 2293 obsequiumet
994 2212 1256 2278 tobedientiam
1295 2230 1384 2294 erga.

211 2299 528 2364 saeculi·Potestates
550 2299 675 2382 populis
696 2300 893 2380 praedicant,
925 2299 1086 2365 Ecclesiae
1108 2299 1264 2382 hujusque
1287 2299 1375 2382 Apo-

211 2385 342 2450 stolicae
365 2385 453 2451 Sedis
478 2387 565 2468 jura,
597 2392 629 2451 et
651 2387 845 2468 Episcopalis
868 2388 1035 2451 ministerii
1058 2387 1237 2452 libertatem
1260 2405 1378 2451 omnes

211 2475 376 2539 unanimes
402 2480 499 2555 atque
525 2473 662 2555 idipsum
689 2474 822 2557 invicem
852 2475 1038 2553 sentientes,
1074 2473 1200 2539 collatis
1227 2474 1313 2538 inter
1338 2493 1383 2538 se

212 2560 357 2641 consiliis
388 2561 625 2642 conjunctisque
648 2560 761 2627 studiis
784 2567 816 2626 et
837 2561 967 2640 viribus,
991 2565 1120 2626 strenue
1143 2566 1305 2643 tueantur,
1328 2567 1384 2626 -ut

210 2648 312 2713 bonus
341 2648 512 2712 communis
546 2665 659 2712 causae
682 2648 783 2712 exitus
813 2649 970 2712 communi
1001 2649 1042 2712 sit
1064 2647 1166 2713 tutela
1195 2667 1232 2714 ac
1262 2645 1383 2715 defen·-

211 2734 299 2800 sione
315 2737 423 2801 tutior.
458 2733 542 2799 Nihil
564 2752 638 2801 vero
655 2735 822 2799 admittant
838 2736 923 2816 qnod
945 2735 1108 2816 dignitatis
1130 2753 1207 2800 suae
1223 2735 1382 2800 decorem

212 2827 245 2886 et
268 2823 458 2903 gravitatem
482 2821 644 2902 dedeceat,
677 2827 711 2886 et
732 2821 935 2888 Tridentinae
958 2822 1075 2907 Synodi
1097 2823 1158 2889 hac
1181 2822 1222 2888 de
1244 2841 1281 2887 re
1302 2839 1383 2888 mo--
1451 2848 1454 2853 ·

210 2909 314 2990 nita1)
339 2909 380 2974 ob
403 2908 509 2975 oculos
531 2908 680 2973 habeant.
1384 2926 1389 2936 ⁴

316 2996 480 3078 Principes
504 2996 629 3060 demum
653 3002 685 3060 et
714 2996 920 3078 magistratus
944 3002 1076 3079 paterne
1099 2997 1302 3078 requirimus
1333 3003 1383 3062 nt

212 3101 318 3149 sacros
350 3084 511 3150 Ecclesiae
543 3083 712 3148 Antistites
741 3102 779 3148 ac
805 3083 980 3163 ministros,
1016 3103 1187 3166 eorumque
1217 3084 1381 3166 optimam·

116 3167 118 3170 ⁴
211 3190 340 3253 operam
362 3172 466 3237 valido
490 3189 546 3236 suo
569 3171 744 3252 patrocinio
772 3175 803 3235 et
826 3170 983 3250 praesidio
1006 3176 1114 3253 tegere
1137 3189 1174 3236 ae
1196 3172 1279 3236 tueri
1301 3177 1383 3236 stu··

212 3259 319 3338 deant,
350 3277 411 3341 quo
434 3259 475 3323 ab
507 3258 650 3322 omnibus
685 3257 917 3323 ecclesiasticae
947 3259 1131 3323 auctoritati
1160 3263 1192 3323 et
1221 3259 1379 3339 dignitati

212 3345 336 3412 debitus
359 3346 544 3411 exhiheatur
565 3344 675 3425 honor,
704 3345 913 3424 observantia,
939 3353 972 3410 et
995 3346 1190 3423 obedientia
1223 3347 1382 3427 scientes

212 3432 387 3516 Episcopos
419 3452 490 3498 curn
513 3431 675 3498 Ecclesiae
703 3450 843 3512 cansam,
874 3439 942 3497 tum
966 3452 1084 3515 eorumx
1105 3433 1196 3514 regni
1218 3451 1317 3514 agere
1341 3440 1385 3499 et,

211 3521 332 3602 salutis,
356 3528 392 3585 ut
414 3520 645 3603 provinciamm
669 3537 797 3584 suarum
813 3521 919 3601 quieto
940 3520 1010 3600 jnre
1026 3521 1228 3604 potiantur,²)
1252 3521 1293 3585 ab
1316 3521 1379 3586 iis-

186 3628 190 3634 ·
212 3627 272 3689 que
294 3626 352 3689 pro
376 3607 527 3690 pastorali
549 3626 679 3672 munere
702 3607 827 3671 illorum
850 3609 1048 3688 potissimum
1070 3607 1231 3672 hominum
1252 3608 1385 3689 impro-

211 3696 343 3760 bitatem
363 3713 432 3760 esse
456 3690 727 3774 cohibendam'et
750 3694 954 3776 coercendam
970 3695 1147 3774 audaciam,
1171 3695 1225 3776 qui
1247 3701 1385 3761 mentes

212 3790 402 3865 pervertere,
427 3801 591 3864 moresque
614 3801 816 3864 corrumpere
838 3780 958 3848 nefarie
981 3781 1230 3847 commohuntur.

319 4044 340 4103 ¹)
361 4043 434 4098 Sess.
451 4042 536 4096 XXV.
557 4059 616 4112 cap.
637 4047 678 4100 17.
697 4042 731 4098 de
749 4043 870 4100 Reform.

320 4115 342 4182 2)
360 4113 385 4167 S.
406 4114 460 4167 Leo
480 4114 517 4169 ld.
536 4113 588 4181 Ep,
607 4117 641 4166 43
660 4114 729 4166 alias
749 4117 790 4166 34.
810 4114 844 4166 ad
864 4114 1048 4167 Theodosium
1066 4117 1228 4180 Augustum.
