2946 4942
478 329 573 377 monn
595 329 696 375 41441
719 329 756 375 11
778 326 986 377 1444041444.
1239 307 1313 389 ¹2'67

1219 465 1267 503 Pa.

149 518 259 587 Farina,
277 518 399 573 Joannes
416 519 555 580 Antonius
574 547 616 587 -‚
635 517 687 586 Ep.
706 517 867 572 vicentinus
915 560 1143 575 ......
1181 520 1232 572 196
1248 475 1261 508 ⁸

149 605 219 662 Fide
237 606 382 673 catholica,
402 605 563 660 constitutio
582 605 737 674 dogmatica
755 605 789 660 de
809 634 841 642 -
871 647 1143 663 .......
1214 608 1231 660 9
1250 621 1313 673 sqq.

186 733 200 764 „
238 701 267 750 et
285 695 400 763 ratione,
418 701 507 751 const.
526 693 613 760 dogm.
632 693 666 748 de
687 723 712 735 -
738 735 1143 750 ..........
1286 685 1289 690 ’

190 821 203 851 ,,
242 781 472 836 (141044444-
515 823 1144 839 ...............

186 906 200 938 ,‚
238 870 398 936 411411044,
418 868 544 923 Ganoues
565 868 649 922 114-
696 909 1056 927 .........
1072 875 1100 920 “.
1137 908 1144 920 .
1199 870 1232 920 18
1252 881 1292 935 sq.

150 955 299 1012 Francisco
318 956 433 1025 8410410,
452 950 633 1024 postulatum,
646 962 676 1009 ut
694 985 727 994 -
743 956 841 1011 titulus
855 955 984 1010 Doctoris
1003 953 1144 1009 Ecclesiae

256 1043 418 1098 decernatur
430 1084 1144 1101 .................
1180 1045 1232 1097 217
1251 1057 1314 1110 sqq.

150 1168 267 1253 Galliae.
287 1183 467 1251 complurium
486 1211 520 1220 -
538 1181 738 1250 Episcoporum
756 1181 898 1250 postulata
908 1174 952 1237 'ad
971 1181 1144 1250 disciplinam

256 1271 425 1340 pertinentia
470 1310 1096 1327 ...............
1112 1311 1140 1334 ,.
1178 1271 1229 1322 145
1249 1285 1314 1338 sqq.

336 1366 339 1371 ’
362 1357 404 1411 De
423 1355 578 1411 Seminariis
598 1357 767 1410 clericorum
784 1357 885 1424 ubique
903 1355 1100 1413 instituendis.
1137 1399 1144 1412 .
1183 1357 1233 1408 145

374 1486 386 1514 „
417 1444 602 1512 promovendo
616 1446 644 1497 in
658 1443 817 1498 seminariis
837 1460 980 1500 sacrarum
991 1445 1145 1512 linguarum

468 1531 557 1585 studio
605 1573 1143 1590 .............
1181 1531 1233 1584 146
1252 1546 1294 1599 sq,

374 1660 387 1689 „
418 1618 606 1687 superioribus
626 1617 723 1672 studiis
742 1619 942 1674 ecclesiasticis·
957 1617 1144 1674 restaurandis
1182 1620 1233 1671 147

376 1749 389 1780 „
419 1711 581 1765 academicis
600 1708 730 1777 gradibus
786 1749 1101 1765 ........
1107 1720 1112 1726 ·
1139 1748 1146 1762 .
1184 1709 1234 1759 147
1253 1720 1297 1774 sq.

362 1798 491 1852 Juniores
518 1796 675 1852 sacerdotes
696 1798 771 1851 circa
796 1810 902 1849 sacram
920 1794 1063 1867 scientiam
1082 1809 1146 1848 exa·

468 1884 589 1938 minandi
611 1923 924 1941 ........
935 1934 938 1938 ⁴
961 1922 1142 1939 .....
1181 1883 1232 1934 148

361 1971 403 2026 De
434 1972 625 2027 collationibus
659 1970 854 2026 ecelesiasticis
885 1971 957 2024 inter
988 1969 1146 2024 sacerdotes

467 2059 643 2113 instituendis
662 2066 690 2113 et
709 2057 917 2127 frequentandis
963 2097 1143 2115 .....
1181 2058 1233 2110 148

379 2187 391 2215 „
421 2147 560 2201 exercitiis
581 2147 773 2214 spiritualibus
791 2162 808 2200 a
824 2145 903 2200 (11010
923 2144 1061 2199 saeculari
1081 2161 1146 2212 quo-

467 2234 559 2288 tannis
579 2233 709 2288 habendis
741 2273 1144 2292 ..........
1182 2235 1232 2286 148

363 2323 394 2374 ln
419 2321 559 2375 exercitiis
570 2320 759 2388 spiritualibus
770 2322 996 2390 presbyterorum
1005 2319 1155 2374 facultates

465 2408 614 2462 latissimae
634 2408 810 2463 confessariis
829 2407 1019 2463 concedendae
1050 2448 1056 2461 .
1094 2448 1100 2461 .
1137 2450 1144 2464 .
1182 2408 1233 2459 149

364 2497 405 2550 De
424 2496 481 2550 vita
499 2496 634 2550 communi
652 2496 679 2549 in
699 2496 780 2560 Clero
796 2496 931 2551 saeculari
949 2494 1064 2550 fovenda
1094 2536 1101 2552 .
1137 2535 1145 2551 .
1183 2496 1255 2556 149Ι

376 2621 389 2649 „
418 2582 561 2636 mulierum
580 2584 608 2636 in
628 2583 752 2638 domibus
772 2583 947 2638 sacerdotum
965 2581 1100 2638 famulatu
1137 2625 1144 2639 .
1182 2584 1232 2636 149

375 2709 388 2738 ,‚
417 2685 552 2724 concursu
570 2671 606 2723 ad
624 2672 807 2740 parochorum
827 2672 1013 2728 electionem.
1051 2711 1056 2723 .
1094 2710 1100 2723 .
1138 2709 1144 2723 .
1181 2673 1233 2724 150

375 2796 388 2826 „
418 2757 622 2825 praedicatione
641 2759 717 2813 verbi
736 2759 821 2813 divini
875 2797 1144 2817 .......
1182 2760 1233 2812 150

376 2884 389 2913 ,,
418 2845 551 2912 044101411
575 2846 760 2901 sollicitudine
786 2861 852 2914 erga
870 2861 970 2914 pueros
989 2851 1016 2900 et
1030 2846 1146 2915 juvenes
1183 2847 1234 2899 151

377 2971 390 3001 „
420 2931 601 2987 catechismis
620 2934 723 3001 primae
736 2933 916 2988 communionl
929 2935 1047 3000 praeviis
1065 2940 1095 2988 et
1113 2933 1147 2987 de

467 3019 600 3088 juvenum
618 3022 827 3089 perseverantia
871 3063 1144 3078 .......
1183 3022 1231 3073 151
1252 3034 1298 3087 sq.

374 3145 387 3174 „
417 3107 591 3174 regularibus
651 3147 1142 3165 ............
1180 3110 1231 3161 152

378 3232 391 3261 ,,
420 3194 556 3262 religiosis
566 3194 709 3250 mulierum
718 3194 838 3264 familiis,
848 3194 999 3263 puellarum
1009 3193 1165 3248 educationi

471 3289 498 3336 et
517 3284 644 3350 operibus
663 3283 808 3338 charitatis
826 3283 986 3337 vacantibus
1006 3322 1012 3336 .
1030 3325 1056 3357 .·
1093 3325 1100 3340 .
1138 3326 1145 3340 .
1183 3285 1234 3338 153

380 3408 392 3436 „
422 3370 551 3438 capitulis
568 3409 1145 3428 ..............
1184 3373 1234 3425 154

365 3456 497 3525 Episcopi
516 3458 733 3526 dispensationes
748 3473 841 3512 omnes
866 3457 1017 3513 concedere
1030 3456 1147 3526 possint,

469 3559 540 3613 quae
558 3544 584 3599 8.
603 3543 730 3599 Pontifici
754 3561 886 3614 expresse
907 3561 962 3600 non
980 3545 1086 3600 fuerint
1104 3561 1146 3600 re-

471 3640 616 3688 servatae.
654 3669 672 3688 .·
698 3645 724 3690 .·
743 3672 1145 3691 ..........
1183 3635 1234 3686 154

365 3717 565 3788 Episcoporum
584 3718 732 3773 facultates
744 3720 817 3774 circa
835 3734 916 3774 casus
930 3720 1052 3775 occultos
1063 3719 1146 3774 latius

471 3806 709 3875 interpretandae
742 3846 749 3861 .
785 3849 792 3864 .
830 3802 846 3861 .¹
876 3847 1145 3865 .......
1184 3809 1235 3860 154

365 3892 474 3948 Indnlta
485 3892 638 3962 apostolica
647 3893 793 3961 Episcopis
803 3909 853 3962 per
865 3899 951 3948 totum
961 3895 1147 3962 Episcopatus

471 3989 579 4047 tempus
609 3980 766 4035 necessaria
796 3995 847 4048 pro
878 3987 939 4036 toto
969 3982 1145 4049 episcopatus

471 4075 594 4135 tempore
614 4068 800 4122 concedantur
830 4108 1144 4127 ........
1181 4070 1233 4122 155

364 4156 406 4209 De
423 4155 660 4223 archiepiscopali
679 4155 837 4210 visitatione
855 4155 1057 4211 restituenda.
1094 4195 1100 4208 .
1138 4199 1144 4212 .
1183 4157 1235 4210 155

378 4281 392 4312 ,,
421 4241 655 4311 appellationibus
678 4242 714 4297 ad
733 4258 755 4300 s.
774 4241 871 4298 Sedern
889 4259 943 4298 non
962 4242 1145 4311 admittendis,

472 4331 573 4386 omisso
590 4330 687 4399 medio,
711 4345 799 4398 neque
817 4346 866 4399 pro
885 4330 1035 4385 levioribus
1054 4333 1146 4386 causis
1183 4335 1240 4385 155
