2946 4942
158 295 220 359 120
552 355 553 358 ,
653 307 821 356 rosrunlrl

153 450 301 531 auspiciis
331 448 442 513 Almae
475 446 595 513 Mariae
617 447 755 528 Virginis
784 446 824 512 ab
859 447 944 512 omni
973 447 1047 512 labe
1080 445 1231 530 originali
1261 447 1317 511 im·

154 537 256 601 munis
278 540 346 600 tam
367 534 469 601 felicia
491 534 619 600 exordia
634 534 786 613 habuere,
809 534 883 615 Ipsa
904 538 1101 616 protegente,
1117 535 1316 615 interemptis

154 624 278 688 cunctis
298 623 492 701 haeresibus,
516 622 558 686 ad
581 622 793 687 desideratam
815 639 915 702 usque
930 625 1047 687 metam
1069 623 1315 704 quamprimum

45 717 48 722 '
153 717 189 776 et
209 709 347 776 feliciter
368 709 436 775 fore
457 715 659 790 perventura.
740 744 748 757 ·

198 849 285 915 Huic
301 847 516 930 postulationi
538 848 797 928 subscripserunt
819 848 956 932 quiaque
982 847 1118 914 Coueilii
1139 846 1272 913 Patres.

260 1214 338 1282 Cum
362 1218 445 1282 inter
467 1236 515 1297 ea,
540 1235 619 1300 quae
642 1217 828 1284 universalis
844 1216 988 1283 Ecclesia
1010 1216 1169 1282 credenda
1191 1233 1316 1298 semper

153 1305 292 1383 retinuit,
318 1323 355 1371 ac
378 1303 497 1370 Christi
519 1302 631 1370 fideles
652 1307 790 1370 maxima
812 1305 981 1370 devotione
1000 1305 1144 1370 venerati
1167 1310 1251 1383 sunt,
1276 1304 1317 1368 sit

110 1391 113 1394 ’
153 1391 232 1456 illud
254 1389 348 1456 finale
369 1392 569 1474 privilegium
592 1393 801 1458 Beatissimae
816 1392 956 1474 Virginis
979 1391 1092 1457 Matris
1108 1391 1169 1456 Dei
1186 1391 1315 1468 Mariae,

154 1497 193 1542 ex
215 1496 278 1559 quo
309 1479 456 1558 creditur,
487 1480 586 1559 quod,
618 1480 699 1544 sicut
722 1498 741 1543 a
763 1479 847 1558 Deo,
878 1480 932 1560 qni
954 1479 1067 1544 Eidem
1093 1478 1168 1545 feeit
1189 1496 1315 1562 magna,

154 1565 312 1631 custodita
343 1563 404 1631 fuit
433 1585 454 1631 a
481 1566 681 1648 corruptione
712 1568 835 1648 peccati
866 1567 900 1630 in
933 1567 1002 1648 ipso
1031 1585 1088 1632 suo
1110 1567 1246 1631 introitu
1276 1566 1317 1631 ad

153 1653 269 1732 vitam,
303 1653 348 1718 sic
377 1654 469 1718 etin
499 1652 583 1719 felici
605 1671 662 1720 suo
692 1654 731 1719 de
755 1654 870 1719 mundo
901 1654 1000 1734 exitu,
1034 1654 1074 1720 ob
1104 1655 1316 1720 reverentiam

152 1741 314 1823 virgineae
346 1741 464 1820 carnis,
500 1760 539 1807 ex
565 1760 628 1822 qua
651 1741 735 1807 Dens
769 1742 837 1822 ipse
860 1759 985 1806 carnem
1019 1743 1168 1824 sumpsit,
1202 1761 1316 1808 acor·

153 1829 300 1908 ruptione
334 1829 475 1908 corporis
509 1833 667 1894 servatam
700 1830 883 1908 immunem,
919 1830 995 1910 quin
1028 1835 1135 1895 tamen
1170 1829 1317 1896 Ecclesia

153 1914 278 1979 Docens
301 1914 361 1980 hoc
391 1915 430 1980 de
452 1913 513 1980 fide
537 1913 709 1995 definierit3
740 1914 936 1997 infrascripti
958 1917 1046 1983 Sacri
1067 1918 1213 1982 Vaticani
1237 1916 1316 1983 Con-

153 2001 217 2067 cilii
239 2000 358 2082 Patres,
383 2003 424 2067 ad
447 2005 596 2086 majorem
613 2003 673 2068 Dei
695 2002 916 2084 Deiparaeque
938 2002 1080 2086 glorium,
1104 2006 1144 2070 ad
1167 2005 1316 2071 meritum

153 2094 186 2155 et
208 2087 388 2154 firmitatem
404 2087 486 2171 fidei,
510 2091 552 2154 ad
567 2089 706 2156 fidelium
723 2091 979 2169 consolationem,
1004 2092 1206 2168 devotissime
1229 2089 1316 2157 effla·

153 2176 269 2258 gitant,
303 2183 341 2241 ut
375 2178 413 2240 de
451 2178 596 2243 doctrina
639 2196 809 2258 corporeae
844 2179 982 2260 Virginis
1017 2179 1251 2262 Assumptionis
1284 2179 1316 2244 in

153 2263 276 2328 coelum
306 2264 338 2327 in
369 2265 453 2330 dioto
484 2263 580 2329 Sacro
604 2262 744 2331 Concilio
775 2270 1001 2347 pertractetur,
1035 2280 1073 2330 uc
1106 2267 1206 2350 (quod
1229 2266 1316 2333 Dens

153 2350 319 2434 concedat)
352 2352 379 2416 si
412 2352 472 2433 ipsi
504 2352 676 2430 videbitur,
711 2352 887 2434 dogmatice
923 2351 1084 2418 declarare
1117 2372 1156 2419 ac
1185 2351 1316 2419 definire

153 2438 314 2520 dignetur,
346 2438 479 2504 Mariam
503 2440 665 2522 Virginem
701 2439 937 2504 sanctissimam
971 2458 1102 2522 corpore
1131 2447 1165 2506 et
1199 2441 1315 2520 anima,

153 2525 194 2590 ad
217 2526 464 2592 similitudinem
476 2527 546 2593 Filii
569 2527 625 2592 Sui
647 2525 820 2592 Salvatoris
844 2526 966 2607 Nostri,
999 2528 1032 2592 in
1060 2529 1155 2594 coelis
1178 2527 1315 2609 gloriose

152 2631 297 2694 regnare.

258 2751 344 2817 Huic
360 2752 575 2833 postulationi
596 2751 855 2833 subscripserunt
878 2731 900 2816 7
924 2752 1062 2820 Couciiii
1084 2752 1212 2820 Patres.

438 3117 685 3185 PROPOSITIO
708 3121 766 3184 ΑΙ)
790 3118 1033 3187 CONCILIUM.

257 3241 433 3322 Episcopus
462 3240 649 3307 (liennensis
683 3243 716 3306 in
750 3241 905 3324 Hispania
935 3244 1016 3323 petit
1050 3261 1070 3308 a
1104 3240 1246 3311 Concilio
1280 3250 1315 3310 ut

151 3332 314 3409 tamquam
346 3328 461 3409 dogma
488 3327 564 3394 fidei
593 3328 788 3408 declaretur,
821 3329 872 3394 vel
905 3330 1012 3410 potius
1035 3330 1231 3397 acclametur
1252 3332 1315 3397 As·

149 3416 288 3496 sumptio
311 3414 435 3480 Beotoe
457 3415 590 3481 Morioe
618 3416 766 3500 Virpiuis
788 3416 824 3479 iu
849 3414 985 3482 Caelum.

257 3502 429 3567 Indicanda
451 3507 488 3567 ut
510 3507 622 3584 postea
643 3502 739 3568 verbo
763 3504 968 3584 explicentur.

261 3593 288 3654 1.
322 3591 445 3670 Dogmu
478 3589 552 3656 fidei
586 3598 635 3655 est
673 3588 844 3672 Conceptio
882 3591 1086 3657 immaculata
1119 3590 1156 3657 B.
1186 3591 1230 3656 M.
1262 3591 1315 3669 V.;

149 3677 267 3758 dogma
289 3674 363 3742 fidei
386 3681 512 3759 oportet
535 3695 605 3743 esse
628 3676 770 3757 ejusdem
793 3678 830 3742 B.
853 3677 896 3744 M.
921 3679 958 3744 V.
982 3678 1175 3759 Assumptio.

258 3767 288 3828 2.
320 3762 448 3830 Peccati
469 3764 661 3846 stipendium
681 3782 778 3831 mors.
816 3765 904 3842 Quae
919 3783 982 3830 non
1005 3766 1156 3846 peccavit,
1180 3783 1315 3846 poenam

149 3851 276 3935 peccati
296 3868 360 3916 non
382 3852 486 3933 potuit
508 3852 601 3918 ferre.
647 3852 763 3917 Decuit
784 3852 818 3916 in
840 3851 961 3917 coelum
984 3850 1121 3933 gloriose
1143 3854 1293 3919 transire.

257 3943 287 4004 3.
321 3937 410 4004 Sicut
432 3939 606 4021 praemium
628 3939 834 4005 immunitatis
857 3945 908 4005 est
933 3936 1120 4020 glorificatio
1145 3940 1316 4021 desumpta

149 4043 191 4090 ex
212 4027 321 4092 radice
343 4025 613 4106 sanctificationis,
637 4027 732 4092 itaet
753 4024 956 4107 triumphalis
973 4044 1089 4092 corona
1112 4027 1224 4093 debuit
1247 4044 1315 4093 esse

152 4112 186 4176 in
208 4113 244 4179 B.
269 4114 313 4180 M.
336 4114 373 4180 V.
399 4114 580 4195 Assumptio
603 4113 806 4195 singulariter
827 4114 976 4195 gloriosa.

257 4204 289 4264 4.
322 4201 452 4267 Festum
475 4219 536 4284 quo
552 4201 732 4267 celebratur
746 4200 931 4282 Assumptio
953 4199 990 4265 Β.
1015 4199 1057 4265 M.
1074 4201 1112 4266 V.
1135 4200 1169 4265 in
1192 4201 1315 4268 coelum

150 4284 299 4352 solemnis
321 4289 477 4369 quaedam
499 4286 652 4370 professio
674 4294 724 4354 est
746 4286 820 4353 fidei
840 4287 950 4370 populi
972 4287 1150 4368 christiani,
1177 4287 1314 4370 ideoque
