2954 4936
159 323 220 384 158
596 337 605 374 ε
650 332 821 382 mammam

153 476 209 557 agi
231 481 382 556 possuut3
405 473 498 539 valde
520 473 676 537 interesse
697 472 862 536 videretur
883 475 919 535 ut
942 471 1091 553 cujusque
1105 471 1211 553 gentis
1224 470 1320 553 Epis·

154 564 228 644 copi
241 562 402 628 interdum
417 561 449 625 in
462 559 611 624 Conciliis
626 559 778 640 plenariis
793 565 1072 641 congregarentur,
1089 559 1130 624 ad
1143 557 1320 624 deliberan-

158 650 233 714 dum
256 654 289 715 et
312 648 515 713 statuendum
540 646 579 711 de
602 647 641 711 iis
664 664 745 727 quae
760 646 802 712 ad
817 665 1011 712 communem
1030 647 1132 728 gentis
1147 646 1322 711 utilitatem

156 739 364 818 pertinerent.
410 735 479 800 Hoc
501 753 576 800 vero
599 739 637 797 ιιι
658 733 803 798 ordinate
825 751 950 815 semper
971 733 1076 812 fieret,
1109 737 1141 798 et
1163 735 1231 799 sine
1255 732 1322 799 ullo

158 825 333 889 catholicae
355 823 485 886 unitatis
506 819 665 902 periculo,
700 820 864 886 habendae
897 825 1004 887 esseut
1032 820 1157 901 aliquae
1179 821 1322 903 regulae,

158 912 268 993 ajune
290 910 425 992 positae,
449 926 583 989 quarum
606 907 745 972 subsidio
777 913 810 973 et
840 909 1029 973 conveniens
1057 908 1188 973 libertas
1212 908 1323 990 hujus·

158 998 245 1064 modi
267 996 473 1062 conventibus
495 994 737 1076 relinqueretur,
762 999 795 1060 et
818 996 927 1061 debita
949 1013 1025 1077 erga
1040 996 1218 1060 Romanum
1236 995 1323 1061 Pon-

158 1083 276 1150 tificem
299 1083 511 1165 dependentia
533 1087 714 1147 constanter
737 1086 770 1147 et
792 1080 927 1148 fideliter
950 1089 1143 1149 servaretur.

159 1293 211 1358 De
237 1291 390 1357 Oonciliis
405 1289 663 1372 provincialibus
690 1289 830 1373 singolis
853 1290 1081 1373 quinquenniis
1104 1290 1321 1357 celebrandis.

265 1430 437 1496 innovetur
460 1434 494 1494 et
516 1429 693 1494 executioni
714 1431 884 1494 mandetur
912 1429 1075 1495 decretum
1098 1428 1231 1496 Concilii
1253 1431 1325 1497 Tri·

161 1518 282 1582 dentini
304 1535 366 1598 quo
389 1516 584 1598 praecipitur
599 1522 635 1581 ut
649 1515 860 1582 Prouincialia
875 1517 1007 1581 concilia
1022 1517 1154 1599 singulis
1177 1520 1325 1585 trienniis

157 1604 377 1682 celebrentur;
401 1604 485 1685 quod
507 1608 614 1668 tamen
635 1604 677 1668 ad
699 1604 823 1683 singula
846 1605 1058 1684 quinquennia
1074 1604 1325 1686 reduci-posset

248 1690 371 1757 Horum
395 1695 503 1757 autem
526 1690 731 1756 conciliorum
752 1692 883 1756 decreta
906 1691 934 1756 si
956 1709 1086 1757 necesse
1108 1693 1150 1756 sit
1172 1692 1326 1759 revisioni

159 1778 193 1846 S.
210 1776 476 1861 congregationis
492 1776 624 1843 Consilii
639 1777 760 1860 subjici,
776 1784 947 1859 antequam
962 1779 1172 1859 publicentur,
1195 1779 1325 1846 saltem:

272 1872 302 1929 1⁰
324 1864 421 1945 Nihil,
444 1865 478 1929 in
501 1865 646 1945 decretis,
670 1866 769 1930 addat
791 1865 823 1933 S.
840 1864 1061 1948 Gongregatio‚
1084 1866 1169 1946 quod
1190 1867 1232 1932 ab
1247 1869 1326 1950 ipsis

161 1952 311 2019 Patribus
335 1950 466 2019 Consilii
486 1956 655 2018 tractatum
679 1956 711 2017 et
732 1958 889 2017 statutum
914 1971 979 2017 uon
1000 1951 1113 2032 fuerit;

270 2043 302 2103 2ο
324 2041 434 2105 Liceat
449 2039 762 2121 comprovincialibus
777 2039 942 2122 Episcopis
965 2040 1128 2121 publicare
1151 2042 1325 2121 separatim

159 2126 363 2191 decretorum
385 2132 509 2208 partem
532 2145 552 2191 a
574 2125 606 2190 S.
631 2126 882 2209 congregatione
905 2129 1084 2207 probatam3
1107 2128 1214 2208 quoad
1237 2128 1325 2194 illam

161 2230 237 2277 vero
263 2214 349 2279 circa
381 2231 477 2294 quam
510 2215 797 2280 animadversiones
832 2221 866 2278 et
897 2215 1107 2279 correctiones
1141 2217 1325 2297 propositas

163 2298 288 2380 luerint,
310 2300 445 2367 liberum
467 2301 510 2365 sit
531 2300 698 2382 praelatis,
721 2307 816 2382 prout
838 2300 951 2365 melius
973 2302 1053 2384 ipsis
1073 2302 1243 2384 uidebitur,
1275 2301 1324 2369 vel

162 2404 233 2451 eam
250 2387 299 2453 ad
320 2405 448 2453 sensum
463 2387 495 2453 S.
515 2386 775 2471 congregationis
796 2393 971 2455 correctam
994 2388 1156 2471 publicare
1182 2390 1235 2455 vel
1255 2408 1323 2457 eam

160 2475 289 2540 >omniuo
312 2475 560 2558 supprimere.1)

523 2682 574 2748 De
596 2682 729 2766 synodis
750 2683 969 2750 Dioecescnis.

270 2820 458 2887 Habeautur
479 2822 649 2902 interdum,
682 2824 814 2904 singulis
840 2842 870 2889 v.
905 2843 935 2905 g.
965 2824 1127 2906 trienniis,
1162 2825 1214 2891 vel
1236 2827 1326 2907 quin·

163 2909 318 2987 quenniis,
344 2909 455 2991 synodi
471 2909 685 2990 dioecesanae,
708 2910 877 2992 inquibus
900 2910 1050 2993 Episcopi
1073 2911 1112 2976 de
1127 2913 1167 2978 iis
1191 2914 1327 2980 maxime

165 3010 248 3075 quae
272 2995 313 3060 ad
336 2995 514 3061 clericalem
544 2997 758 3078 disciplinam,
781 2998 900 3063 bonum
927 3000 1147 3080 paroeciarum
1174 3001 1327 3083 regimen,

165 3081 333 3166 mediaque
355 3082 468 3149 salutis
496 3084 674 3148 animarum
703 3086 920 3166 procurandae
942 3091 1104 3167 spectant,
1137 3105 1212 3152 cum
1235 3087 1328 3155 clero

164 3185 232 3250 suo,
256 3171 494 3236 communicatis
517 3171 664 3251 consiliis,
687 3176 826 3238 tractent
848 3178 881 3237 et
903 3176 1054 3237 statuant.

453 3378 505 3445 De
527 3380 752 3460 reformatione
767 3380 858 3461 juris
881 3383 1036 3447 comici.

271 3515 553 3583 Evidentissimum
575 3524 634 3599 est,
658 3519 699 3584 ab
721 3520 866 3587 omnibns
886 3522 1010 3605 jamdiu
1030 3523 1180 3604 agnitum,
1206 3528 1240 3589 et
1263 3523 1339 3591 ubi-

165 3619 228 3684 que
250 3604 495 3684 conclamatum,
527 3605 607 3688 Juris
630 3608 774 3675 canonici
804 3609 940 3689 aliquam
963 3610 1151 3676 revisionem
1174 3614 1208 3676 et
1230 3609 1343 3678 retor-

276 3830 299 3899 1)
319 3829 360 3887 cl.
378 3829 524 3885 Postulata
542 3832 578 3886 ad
596 3831 700 3891 Concil.
718 3791 792 3888 Tiid.
811 3834 966 3901 proposita:

275 3899 414 3966 ,concilia
431 3901 619 3968 provincialia,
637 3904 672 3956 ab
689 3903 849 3971 apostolicis
868 3903 994 3958 ordinata
1005 3906 1187 3975 temporibus,
1206 3907 1237 3962 in
1252 3921 1364 3964 usum

167 3970 355 4024 revocantur.“
393 3969 512 4038 (Postul.
530 3972 625 4040 Episc.
644 3973 764 4043 Italiae.)

184 4107 191 4121 ι
251 4039 414 4162 Ιί,Ἶιιοιιιιιιιι
441 4041 627 4108 provincialia,
656 4052 707 4097 aut
737 4043 895 4183 aquodalia,
922 4043 1098 4100 celebrentur
1124 4047 1205 4101 mnis
1240 4048 1367 4104 tribu!

168 4122 251 4176 ungu
272 4111 752 4251 3Dec‘eiir‘igttu'SagitrghSytirffigfydt
769 4198 824 4239 non
843 4183 931 4239 solum
943 4183 1048 4255 Synodi
1060 4185 1246 4254 Episcopales
1266 4201 1376 4258 quo*

168 4247 261 4301 tauma
280 4251 365 4304 semel
383 4289 390 4303 .
409 4293 416 4308 .
436 4290 469 4320 .,
498 4252 547 4306 aad
565 4253 647 4306 etiam
664 4254 747 4308 tertio
770 4270 881 4323 quoque
906 4269 980 4311 anuo
1006 4257 1191 4326 provinciales
1216 4263 1404 4329 congro*

168 4317 293 4386 gantur!
329 4319 445 4389 (Pantul.
463 4320 609 4377 Oratorem
627 4322 713 4394 Regis
731 4325 813 4394 Gall.)
