2946 4942
551 343 591 389 on
614 342 710 390 annus
733 341 919 391 nocuimus.
1251 328 1311 389 115

149 488 290 562 metam,
326 482 397 563 ipsa
430 487 579 563 patrona,
615 482 844 564 quamprimum
875 487 908 546 et
935 479 1068 547 feliciter
1089 486 1313 563 perventurum

149 575 238 636 certo
263 568 459 635 confidimus.

259 655 349 734 Quae
372 655 479 722 omnia
500 656 628 736 quidem
652 661 841 738 argumenta
872 655 981 721 tusiori
1004 655 1125 720 calamo
1148 655 1314 720 enucleata

151 743 328 808 examinari
357 749 492 824 possunt
526 744 558 806 in
587 761 697 825 opere,
734 743 784 808 cui
817 741 945 808 titulus:
978 742 1026 807 De
1056 739 1217 823 Corporea
1239 742 1314 808 Dei-

152 849 250 912 parae
274 831 508 912 Assumptione,
532 848 573 895 an
597 830 776 912 dogmatico
799 830 933 895 Decreto
957 828 1081 894 definiri
1102 831 1220 911 possit,
1243 830 1314 896 Dis-

151 919 281 999 quisitio
293 917 892 999 historico-critico-theologicaaloysii
905 916 1039 982 Vaccari
1049 915 1245 983 Cassinensis
1255 923 1314 981 etc.

264 1283 342 1349 Cum
373 1281 568 1365 infrascripti
590 1279 721 1348 Concilii
736 1283 882 1348 Vaticani
897 1281 1010 1348 Patres
1021 1284 1113 1364 juxta
1127 1288 1315 1364 perpetuum

153 1371 319 1453 utriusque
342 1370 503 1436 Ecclesiae
526 1387 653 1434 sensum
677 1375 709 1434 et
731 1369 941 1436 venerandam
964 1370 1166 1435 traditionem
1181 1370 1315 1436 Beatam

155 1459 293 1524 Mariam
316 1458 477 1539 Virginem
512 1457 629 1521 intuitu
663 1457 847 1522 meritorum
880 1455 997 1522 Christi
1030 1457 1108 1523 lesu
1130 1457 1316 1539 Salvatorls,

155 1548 237 1611 sicut
268 1545 308 1610 de
337 1552 465 1626 peccato
496 1562 554 1625 per
577 1543 814 1609 immaculatam
838 1542 1084 1624 conceptionem
1118 1551 1151 1611 et
1179 1545 1219 1611 de
1242 1563 1316 1612 con-

157 1633 350 1714 cupiscentia
372 1650 430 1714 per
452 1631 648 1713 Virginalem
672 1630 920 1711 Maternitatem,
947 1632 992 1697 ita
1015 1633 1054 1698 de
1077 1632 1200 1697 inimica
1216 1639 1317 1698 morte
1417 1691 1419 1695 Α

156 1719 349 1802 singularem
382 1718 576 1799 triumphum
606 1717 771 1798 retulisse,
799 1737 856 1801 per
878 1718 1087 1785 acceleratam
1109 1719 1150 1784 ad
1173 1720 1317 1785 similitu·

158 1808 265 1872 dinem
288 1806 360 1871 Filii
389 1806 437 1871 sui
471 1805 764 1886 Resurrectionem,
800 1804 977 1872 firmissime
1001 1812 1148 1885 teneant:
1177 1807 1258 1888 ideo,
1282 1812 1318 1872 ut

158 1896 224 1978 ejus
258 1895 360 1976 gloria
393 1911 473 1960 novo
508 1891 675 1975 splendore
706 1901 863 1976 augeatur
896 1895 1027 1975 eJusque
1058 1895 1249 1976 praesidium
1276 1895 1318 1960 ad

156 1982 382 2047 interimendas
416 1981 564 2046 haereses
598 1980 658 2044 hac
688 1986 799 2046 nostra
820 1980 972 2062 piaculari
994 1987 1101 2047 aetate
1123 1989 1317 2063 grassantes,

157 2070 302 2149 Eamque
337 2073 370 2134 et
402 2068 502 2132 Deum
535 2067 648 2132 Filium
681 2069 750 2149 eius
788 2068 994 2149 impetentes,
1029 2069 1132 2152 magis
1155 2070 1317 2152 magisque

154 2155 304 2222 Ecclesia
326 2156 516 2237 experiatur,
540 2160 572 2219 et
594 2153 822 2221 Christifideles
844 2163 990 2221 votorum
1013 2157 1076 2222 sint
1092 2156 1220 2222 tandem
1236 2175 1320 2223 com·

155 2249 265 2326 potes3
289 2244 457 2325 Deiparam
480 2243 586 2306 anima
608 2247 640 2307 et
655 2259 787 2324 corpore
803 2243 891 2308 coelo
906 2243 1017 2309 adesse
1032 2244 1190 2310 viventem
1205 2245 1319 2311 solem-

153 2331 243 2396 niter
266 2329 430 2410 declarari,
454 2328 642 2410 proclamari
658 2336 752 2410 atque
769 2327 892 2396 definiri
908 2348 927 2394 a
943 2331 1151 2397 sacrosancta
1165 2330 1321 2398 Vaticana

152 2416 296 2502 Synodo,
319 2434 411 2499 quam
435 2416 653 2481 ardentissime
676 2422 834 2498 expetunt.

266 2537 353 2605 Huic
370 2538 587 2618 postularant
609 2538 867 2619 subscripserant
888 2543 930 2603 18
955 2537 1093 2605 Caecilii
1115 2538 1241 2607 Patres.

554 2905 740 2970 Beatissime
764 2905 879 2971 Pater!

269 3025 371 3102 Quum
391 3027 481 3108 juxta
496 3026 709 3108 Apostolieam
726 3027 912 3105 doctrinam,
929 3028 1017 3094 Rom.
1035 3027 1192 3094 VmVlll.
1208 3027 1233 3091 1.
1251 3026 1321 3093 Cor.

152 3114 319 3192 liv-24,
344 3118 395 3192 26,
420 3118 472 3192 54,
497 3119 548 3191 57,
571 3114 651 3178 Heb.
675 3113 804 3193 Il-14,
831 3121 880 3192 15,
906 3113 1038 3195 aliisque
1062 3113 1139 3180 locis
1160 3115 1320 3194 traditam,

153 3201 281 3284 triplici
302 3201 437 3265 victoria
460 3201 499 3266 de
524 3201 670 3280 Peecato,
696 3209 728 3265 et
752 3202 791 3266 de
815 3200 942 3266 Peccati
964 3200 1127 3280 fructibus
1153 3201 1324 3283 Concupis-

155 3289 269 3355 centia
303 3293 335 3351 et
358 3287 473 3366 Morte,
510 3288 610 3352 veluti
632 3307 668 3352 ex
692 3289 834 3371 partibus
856 3289 1087 3368 integrantibus
1111 3291 1324 3354 constituatur

150 3377 216 3442 ille
245 3375 443 3455 triumphus,
475 3394 567 3456 quem
604 3376 642 3439 de
667 3376 809 3456 Satara,
836 3378 966 3457 antiquo
989 3375 1152 3457 Serpente,
1178 3375 1324 3442 Christus

152 3463 290 3539 retulit;
314 3480 473 3542 quumque
497 3461 575 3527 Gen.
598 3463 654 3543 Ill,
682 3469 731 3538 15,
755 3464 894 3544 Deipara
917 3462 1102 3529 exhibeatur
1125 3464 1325 3544 singulariter
1405 3462 1408 3467 ’

154 3552 325 3616 associata
347 3549 429 3616 Filio
452 3569 508 3614 suo
533 3552 564 3613 in
587 3550 648 3615 hoc
672 3551 848 3632 triumpho3
874 3551 1041 3616 accedente
1065 3551 1205 3615 unanimi
1227 3552 1323 3617 Sanc·

148 3645 270 3706 torum
293 3636 424 3701 Patrum
448 3635 607 3717 srrffragio,
632 3655 696 3702 non
719 3637 910 3717 dubitamus,
934 3639 1009 3718 quin
1032 3641 1063 3702 in
1086 3637 1229 3718 praefato
1252 3657 1325 3704 ora·

152 3725 251 3805 culo,
281 3724 394 3788 eadem
424 3724 527 3789 Beata
557 3724 655 3806 Virgo
686 3726 801 3805 triplici
823 3725 877 3789 illa
900 3727 1030 3790 victoria
1053 3724 1326 3808 praesignificatur

148 3812 312 3895 illustris3
343 3813 485 3893 adeoque
514 3829 574 3875 non
606 3830 697 3876 secus
730 3831 767 3876 ac
791 3813 829 3877 de
853 3813 984 3877 Peccato
1009 3833 1064 3894 per
1086 3813 1325 3878 Immaculatam

151 3899 421 3977 Conceptionem,
448 3906 480 3963 et
504 3898 542 3962 de
566 3897 827 3980 Concupiscentia
851 3920 907 3981 per
930 3900 1123 3982 Virginalem
1141 3901 1326 3964 Maternita·

151 3996 245 4066 tem,
278 3987 323 4050 sic
357 3987 453 4050 etiam
477 3986 516 4050 de
539 3988 665 4050 inimica
688 3987 790 4051 Morte
814 3988 1005 4069 singularem
1029 3987 1221 4067 triumphum
1244 3987 1326 4052 rela-

155 4083 250 4152 tura,
273 4091 331 4155 per
355 4074 562 4138 acceleratam
585 4074 625 4138 ad
649 4075 884 4139 similitudinem
900 4074 972 4138 Filii
988 4076 1037 4138 sui
1052 4075 1325 4155 resurrectionem,

153 4162 284 4226 ibidem
309 4162 538 4242 praenunciata
561 4160 665 4226 fuerit.
689 4162 726 4226 ld
750 4163 834 4243 quod
857 4182 894 4227 ex
916 4161 1054 4226 naturali
1075 4163 1196 4226 unitate
1212 4164 1325 4244 carnis,

150 4247 329 4327 Christum
362 4250 447 4313 inter
470 4249 599 4330 ejusque
623 4248 769 4328 Matrem,
794 4249 1039 4314 illustrationem
1063 4268 1177 4314 novam
1201 4250 1325 4332 accipit.
1433 4317 1453 4348 Ι

163 4336 296 4416 Optimo
323 4336 420 4419 igitur
448 4335 520 4416 jnre
543 4335 702 4401 Christum
726 4338 836 4403 Jesum
864 4338 910 4402 ita
944 4336 1061 4418 alloqui
1090 4335 1325 4403 sanctissimam

1188 4441 1221 4493 g*
