2946 4942
487 339 497 358 ·
547 329 586 375 nr
609 327 703 374 araas
727 326 916 375 maunrrcrs.
1268 314 1312 373 75

149 467 364 547 expendendis
387 467 519 533 Petrum
540 466 631 532 Sacri
653 464 786 532 Concilii
809 464 1011 531 Oecumenici
1030 464 1173 529 Vaticani
1195 483 1314 547 propc-

149 554 321 620 strionibus
342 554 511 619 submittit.

256 659 375 725 Romae
398 658 449 722 die
473 676 563 723 sacra
586 658 617 725 S.
641 656 810 722 Franciscc
833 655 961 722 Salesio.

362 765 453 827 Anno
476 761 642 828 millesimo
665 761 926 843 octingentesimo
951 762 1193 842 septuagesimo.

744 899 922 965 Eridericus
945 899 1048 964 Maria
1071 899 1205 964 Zinnelli

792 1003 969 1086 Episcopus
992 1004 1183 1072 Tarvisinus.

258 1337 284 1398 A
308 1334 405 1400 Sacra
428 1335 636 1401 Oecumenica
658 1335 783 1417 Synodo
807 1336 963 1400 Vaticana
986 1334 1177 1417 infrascripti
1200 1335 1318 1401 Patres

148 1421 345 1487 Eioeccseon
379 1425 563 1504 praesertim
598 1425 763 1504 utriusque
798 1422 922 1488 Siciliae
953 1424 1069 1504 Regni,
1105 1442 1181 1504 prae
1214 1423 1318 1489 oculis·

149 1508 305 1574 habentes
328 1512 425 1575 verba
457 1511 487 1576 S.
512 1509 676 1592 Evangelii
703 1529 760 1574 nec
788 1529 851 1575 non
881 1508 1043 1575 Ecclesiae
1075 1510 1251 1575 doctrinam
1279 1516 1312 1574 et

150 1602 363 1676 monumenta,
397 1603 490 1678 atque
513 1597 544 1661 S.
568 1598 706 1663 Thomas
729 1597 872 1662 Doctcris
897 1597 1048 1678 Angelici,
1080 1597 1241 1662 Ecclesiae
1263 1602 1312 1662 to·
1432 1628 1440 1640 =

149 1683 226 1762 tius,
254 1690 287 1748 et
310 1703 418 1749 eorum
440 1687 563 1766 patriae
586 1684 704 1765 gloriae
728 1685 916 1763 ornamenti,
947 1683 1074 1749 oraculo
1098 1683 1227 1763 suliulti,
1259 1687 1313 1764 qui

151 1769 286 1836 solemni
319 1773 477 1836 sententia
511 1773 623 1835 edixit:
663 1772 707 1835 arl
739 1773 856 1836 sunrmi
887 1770 1056 1853 Pontificis
1090 1772 1312 1836 auctoritatem

144 1858 312 1938 pertinere
331 1859 475 1939 finaliter
497 1859 711 1924 determinare
734 1879 771 1922 ea
794 1879 875 1940 quae
896 1865 971 1923 sunt
990 1859 1068 1939 fidei
1090 1864 1126 1923 ut
1149 1859 1188 1924 ab
1211 1859 1316 1923 omni-⁴

150 1943 210 2009 bus
232 1946 422 2010 inconcussa
442 1946 506 2026 pide
529 1950 706 2023 teneantur,
735 1952 764 2010 et
786 1946 857 2009 ideo
888 1945 932 2010 acl
953 1945 1056 2009 sciam
1079 1948 1148 2028 eius
1171 1946 1312 2011 auctori·

151 2036 250 2096 tatem
268 2035 410 2112 pertinet
424 2053 507 2096 nava
522 2033 618 2098 editio
634 2033 769 2115 symboli
790 2034 874 2097 sicut
896 2035 1050 2117 etpmnia
1065 2033 1134 2097 alia
1144 2033 1311 2112 pertinent

150 2118 197 2184 ad
218 2122 316 2184 totam
338 2119 514 2185 Ecclesiam
537 2121 581 2201 (2.
607 2126 636 2183 2.
660 2138 712 2201 qu.
738 2125 764 2183 1.
788 2126 848 2184 art.
875 2122 945 2202 10);
977 2120 1093 2185 etalio
1126 2120 1316 2202 gravissimo.

150 2204 247 2271 effato
272 2205 303 2271 S.
326 2207 478 2289 Alphonsi
501 2207 540 2271 de
563 2207 687 2286 ligario
711 2207 811 2273 altero
835 2207 994 2273 Ecclesiae
1018 2215 1050 2271 et
1072 2207 1197 2289 patriae
1219 2226 1318 2290 prae·-

150 2293 327 2359 clarissimo
357 2294 474 2358 lumine
497 2295 648 2375 permoti,
683 2295 855 2360 humillime
883 2296 1100 2374 instanterque
1124 2292 1310 2376 efflagitant,
1413 2346 1415 2351 .

149 2386 188 2445 ut
212 2382 376 2463 ipsissimis
399 2381 504 2446 verbis
532 2381 673 2462 ejusdem
695 2381 727 2446 S.
753 2381 904 2464 alphonsi
933 2383 965 2446 in
989 2381 1137 2462 peculiari
1160 2382 1317 2447 disserta²

150 2468 238 2532 tione
271 2469 396 2533 sancire
429 2468 522 2532 velit:
556 2469 640 2548 quod
673 2469 745 2534 licet
774 2469 940 2533 Romanus
970 2469 1120 2548 Pontifex
1153 2474 1309 2550 quatenns

144 2554 328 2635 peculiaris
354 2576 496 2634 persona
523 2557 589 2621 siue
613 2557 767 2636 priuatus
789 2555 910 2621 Doctor
934 2556 1042 2636 possit
1064 2575 1189 2633 errare,
1224 2555 1309 2620 sicut

150 2643 250 2707 etiam
271 2649 318 2707 cst
336 2643 491 2723 fallibilis
513 2645 549 2708 in
572 2643 810 2724 quaestionibus
830 2643 911 2708 meri
930 2643 1021 2724 sacti,
1045 2663 1125 2725 qnae
1150 2663 1189 2707 en
1211 2643 1313 2708 bomi-

149 2749 228 2794 num
252 2731 441 2796 testimoniis
456 2731 634 2811 praecipue
652 2730 801 2810 pendent,
831 2750 901 2795 cum
923 2734 1028 2794 tamea
1050 2728 1146 2810 Papa
1169 2729 1310 2810 loquitur

150 2823 316 2899 tamquam
338 2816 461 2882 Doctar
482 2818 674 2882 uniuersalis
697 2817 851 2899 definiens
880 2838 919 2882 en
942 2817 1104 2895 cathedra,
1137 2837 1248 2897 nempe
1271 2837 1310 2882 ea

144 2907 304 2985 potestate
325 2925 488 2985 suprema,
517 2904 641 2969 tradita
663 2904 769 2983 Petro,
799 2904 932 2970 docendi
955 2904 1146 2982 Ecclesiam,
1178 2911 1253 2968 tnnc
1275 2904 1311 2967 in

150 2993 374 3056 controversiis
397 2992 493 3056 Fidei
521 2998 550 3056 ct
571 3013 695 3056 marum
718 2992 924 3057 decernendis
954 2993 994 3056 ab
1017 3011 1124 3057 errore
1153 3010 1219 3056 esse
1250 2991 1318 3063 im·-

149 3098 286 3143 mmcem.

258 3165 324 3230 Nec
350 3168 462 3230 mirum
495 3168 595 3231 videri
623 3167 739 3248 poterit
768 3167 801 3230 id
832 3166 872 3230 ab
902 3167 941 3231 iis
971 3165 1105 3246 exquiri,
1142 3184 1212 3230 cum
1242 3165 1310 3247 ipse

152 3251 185 3316 S.
208 3253 416 3334 Augustinus,
450 3254 489 3318 de
512 3255 576 3318 alia
604 3253 784 3334 dogmatica
810 3254 947 3318 veritate
974 3253 1148 3333 disserens,
1180 3253 1221 3318 ad
1243 3270 1311 3316 rem

152 3339 215 3405 ait:
244 3339 400 3420 Quoniam
423 3341 618 3423 quaestionis
641 3340 738 3420 bajus
760 3341 938 3406 obscuritas
956 3341 1125 3420 prioribus
1147 3339 1320 3406 Ecclesiae·

152 3427 346 3507 temporibus
368 3446 500 3509 maqncs
521 3429 623 3506 Viros,
647 3434 677 3493 et
698 3448 818 3508 mapnn
840 3428 994 3493 ebaritatc
1013 3428 1179 3508 praeditos
1193 3427 1319 3492 Patres·

150 3511 331 3595 Episcopus
352 3515 401 3579 ita
423 3517 508 3581 inter
530 3536 563 3580 sc
587 3514 746 3594 compulit,
770 3515 969 3596 satrapeae,
1002 3515 1189 3595 disceptare,
1214 3515 1316 3579 donec

143 3600 301 3682 plenario
324 3603 419 3666 totius
441 3603 526 3667 orbis
551 3602 700 3682 Concilio,
725 3602 808 3684 quad
828 3603 1036 3668 saluberrime
1054 3603 1192 3667 sentitur
1215 3601 1311 3666 etiarn

149 3689 283 3754 remotis
304 3687 587 3769 disceptationibus
606 3691 795 3772 firmaretur
818 3689 880 3771 (De
902 3690 1059 3770 baptismo
1074 3708 1143 3754 con.
1167 3689 1310 3754 Donatis.

149 3775 207 3841 lib.
234 3782 262 3842 1.
292 3793 359 3856 cap.
386 3782 427 3853 7).
476 3776 614 3843 Pronam
644 3775 860 3842 difficultatem
887 3777 980 3841 diluit
1002 3776 1033 3841 S.
1058 3777 1212 3842 Hilarius:
1246 3775 1316 3840 Sed

150 3861 238 3928 male
261 3862 346 3928 alius
368 3863 547 3947 intellipit?
591 3864 789 3930 Damnemus
811 3865 847 3929 in
869 3884 1032 3930 commune
1049 3865 1196 3929 uitiosum
1219 3861 1319 3926 intel·-

151 3949 329 4033 lipentium
352 3971 416 4015 raon
439 3953 624 4032 auferamus
643 3952 720 4031 ricla
740 3952 925 4032 firmitatem
949 3951 1012 4034 (De
1034 3951 1139 4016 Sinod.
1163 3968 1193 4012 n.
1219 3950 1303 4031 88.)..

248 4087 334 4153 Huic
349 4090 564 4170 postulationi
587 4091 845 4171 subscripserunt
865 4094 906 4154 41
930 4089 1065 4156 Oorrcilii
1090 4088 1214 4153 Patres.

630 4301 840 4310 ...-.-.---.-—
