2946 4942
162 319 224 380 196
658 332 826 379 rosnacum

266 470 462 550 Postulatur,
496 477 533 534 ut
567 480 640 552 post
674 479 870 536 corrtractum
904 472 1138 536 matrimonium
1172 472 1207 536 in
1241 470 1325 536 facie

160 558 330 637 Ecclesiae,
354 559 380 622 si
403 559 487 639 quod
501 558 759 639 impedimentum
772 558 852 638 juris
873 557 1003 623 humani
1020 560 1198 642 detegatur,
1223 576 1324 640 penes

160 645 349 728 Episcopum
372 647 412 709 sit
435 647 592 710 ordinaria
614 654 755 726 potestas
778 646 855 709 illud
874 645 1006 710 tollendi
1030 654 1062 711 et
1084 646 1323 710 matrimonium

160 732 388 812 convalidandi,
411 743 542 814 excepto
566 750 651 812 casu,
679 751 740 813 quo
764 739 898 812 utraque
922 752 996 813 pars
1019 735 1052 796 in
1074 733 1220 798 fraudem
1247 751 1322 798 con·

159 822 317 900 traxisset,
342 827 374 884 et
396 820 494 885 multo
510 821 609 900 magis
625 821 667 882 sit
683 838 777 900 penes
792 820 985 901 Episcopum
1005 821 1167 885 ordinaria
1182 819 1322 885 facultas

159 907 362 989 dispensandi
384 908 425 971 ad
442 907 615 991 petendam
639 906 776 970 deditium
799 907 975 989 conjugale.

264 994 448 1060 Postulatur
470 1001 506 1058 ut
528 1014 585 1074 per
608 994 638 1060 S.
663 993 775 1058 Sedem
798 994 1011 1075 Apostolicam
1035 996 1201 1059 dirimatur
1224 1013 1322 1076 quae

160 1083 222 1147 stio
245 1083 329 1147 inter
344 1080 520 1163 Theologos
536 1082 657 1163 agitata
680 1101 721 1146 an
737 1081 913 1162 Episcopus
937 1083 1038 1162 possit
1053 1082 1229 1160 absolvere,
1256 1083 1323 1146 sive

157 1171 395 1252 perseipsum,
430 1170 494 1232 sive
523 1186 694 1248 persuum
722 1168 889 1249 specialem
913 1168 1102 1250 Delegatum
1129 1171 1171 1233 ah
1194 1187 1323 1234 excom-

158 1258 369 1321 municatione
391 1257 456 1319 lata
478 1257 510 1318 in
527 1253 769 1328 confessarium,
792 1257 845 1336 qui
870 1255 1050 1336 complicem
1075 1257 1223 1320 suumin
1248 1275 1324 1337 pec-

161 1348 230 1409 cato
254 1344 339 1424 turpi
364 1343 506 1420 absolvit,
531 1343 557 1406 si
581 1361 673 1406 casus
697 1343 738 1406 sit
761 1342 912 1407 occultus.

264 1429 462 1506 Postulatur,
496 1435 532 1492 ut
565 1449 584 1493 a
612 1429 642 1494 S.
677 1428 757 1494 Sede
791 1429 983 1508 declaretur,
1020 1449 1061 1493 an
1096 1433 1129 1493 et
1161 1436 1324 1512 quatenus

158 1519 263 1596 vigeat
286 1517 388 1580 adhuc
411 1516 560 1595 obligatio
590 1516 776 1597 gravissima
807 1517 955 1598 imposita
984 1514 1127 1582 fidelihus
1157 1537 1215 1599 per
1240 1517 1324 1584 Con-

158 1605 338 1669 stitutiones
368 1602 548 1668 Pontificius
579 1603 789 1667 denunciandi
819 1603 1012 1684 haereticoS,
1043 1605 1082 1668 de
1118 1604 1247 1670 haeresi
1270 1624 1324 1670 sn-

158 1696 294 1772 spectos,
328 1690 599 1771 blasphematores
622 1690 846 1768 haereticales,
882 1688 1092 1756 Carbonarios
1123 1696 1155 1756 et
1177 1693 1324 1775 reliquos

157 1780 309 1844 sectarios
333 1784 393 1844 etc.
429 1777 642 1858 superioribus
670 1777 906 1856 ecclesiasticis,
943 1796 1013 1842 cum
1037 1778 1076 1843 ob
1110 1797 1323 1845 aerumnosas

157 1873 334 1947 temporum
357 1870 536 1929 nostrorum
558 1865 791 1930 vicissitudines
813 1864 906 1929 valde
929 1863 1063 1929 difficilis
1079 1882 1116 1930 ac
1131 1866 1323 1948 plerumque

61 2009 62 2012 ,
158 1954 287 2034 ordguae
311 1972 367 2019 seu
390 1952 507 2015 nullius
529 1952 674 2016 utilitatis
698 1953 837 2016 evaserit
858 1952 938 2016 haec
961 1952 1170 2017 denunciatio.
1292 2023 1294 2025 ,

623 2099 627 2109 ·
657 2077 679 2155 d
701 2073 839 2139 loannes
862 2074 1017 2139 Antonius
1039 2072 1158 2139 Farina

712 2177 888 2260 Episcopus
911 2179 1103 2244 vicentinus.

606 2559 658 2640 12.
686 2528 863 2640 euvino

227 2713 561 2782 UNIUS‘CONCILII
584 2715 732 2781 PATRIS
755 2715 814 2778 DE
836 2715 951 2780 LEGE
973 2715 1175 2781 FERENDA
1198 2717 1249 2782 IN

267 2818 537 2887 SACERDOTES
562 2819 788 2885 RARISSIME
810 2819 1223 2886 SACRAMENTALITER

589 2922 889 2991 CONFITENTES.

572 3098 758 3163 Beatissime
781 3098 891 3162 Pater!
956 3186 960 3190 ᾗ

257 3255 306 3319 Ex
329 3256 483 3334 omuibus
506 3273 587 3335 quae
609 3254 650 3318 ad
668 3255 836 3335 puritatem
859 3255 1122 3336 sanctitatemque
1145 3255 1314 3324 levitarum

153 3343 319 3409 fovendam
343 3347 437 3425 atque
460 3343 701 3423 promovendam
725 3343 758 3405 in
781 3341 911 3406 ecclesia
933 3342 1106 3407 constituta
1127 3349 1213 3424 sunt,
1239 3345 1311 3410 nihil

153 3433 260 3496 forsan
282 3431 388 3511 aptius
412 3427 631 3510 efficaciusque
660 3435 724 3506 est,
757 3446 851 3507 quam
873 3435 909 3492 ut
938 3430 1118 3493 sacerdotes
1154 3436 1187 3494 et
1210 3433 1309 3498 clerici

153 3537 247 3599 saepe
270 3519 383 3598 pieque
406 3517 447 3582 ad
470 3524 615 3580 sanctum
637 3516 849 3595 poenitentiae
873 3516 1011 3580 tribunal
1029 3516 1195 3582 accedant.
1222 3519 1308 3598 Quod

153 3607 236 3670 euim
260 3605 469 3670 catechismus
484 3605 645 3668 Romanus
668 3604 707 3667 de
723 3621 759 3667 eo
783 3609 980 3667 sacramento
996 3603 1111 3667 habet:
1140 3604 1311 3682 „Omnibm

153 3697 218 3757 lere
247 3692 305 3773 piis
339 3709 526 3773 persuasum
552 3708 639 3797 psse,
673 3690 823 3771 quidquid
856 3689 917 3759 hoc
948 3696 1089 3769 tempore
1120 3694 1323 3776 sanctitatis,

152 3781 280 3864 pietatis
303 3786 335 3842 et
357 3779 515 3858 religionis
544 3778 577 3841 in
601 3777 733 3842 ecclesia
767 3795 887 3841 summo
911 3777 969 3840 Dei
1003 3775 1158 3842 beneficio
1186 3799 1336 3846 conser-

151 3872 259 3932 vatum
288 3868 345 3946 sit,
380 3866 411 3929 id
447 3884 561 3945 magna
584 3883 622 3928 ex
647 3872 738 3946 parte
773 3862 958 3929 confessioni
980 3863 1184 3928 tribuendum
1208 3885 1302 3945 esse,
1319 3875 1344 3904 ‘³

152 3954 376 4035 multomagis
409 3952 624 4017 sacerdotibus
659 3952 785 4016 videtur
819 3969 888 4016 esse
922 3952 1049 4015 dictum.
1094 3950 1179 4016 Nam
1202 3955 1231 4018 si
1253 3954 1355 4018 frei-

153 4043 262 4121 quenti
285 4040 472 4106 confessioni
505 4039 580 4105 illud
616 4040 776 4120 proprium
805 4040 860 4120 sit,
895 4045 931 4102 ut
963 4057 983 4102 a
1012 4045 1145 4118 peccato
1173 4047 1361 4110 averem

152 4129 344 4208 vigilantiam
372 4126 487 4205 foveat,
512 4126 668 4192 fervorem
695 4132 821 4208 augeat,
845 4124 1065 4205 humilitatem,
1090 4126 1233 4191 omnium
1249 4129 1361 4193 vi]-

152 4220 255 4279 tutnm
279 4214 367 4279 facile
391 4223 532 4295 matrem,
555 4219 728 4293 conservet,
753 4213 853 4294 magis
876 4213 1092 4278 sacerdotibus
1108 4213 1204 4296 hujus
1228 4215 1284 4279 sal
1301 4228 1361 4274 nr·

151 4305 229 4368 raris
253 4303 426 4368 medicinae
449 4307 595 4393 frequens
617 4319 694 4367 usus
716 4301 912 4368 necessarius
936 4306 993 4381 est,
1025 4301 1174 4382 quoniam
1197 4297 1359 4369 ceteff'
