2954 4936
165 341 226 400 174
656 354 820 402 rosunum

211 527 262 592 De
281 527 439 608 prudenti
461 527 551 593 ooodo
573 527 756 610 specialiter
778 526 936 594 seruando
957 528 995 591 ia
1016 525 1267 592 condonamtdis

560 632 721 698 modernis
744 632 916 696 erroribus.

262 769 296 836 Si
320 771 465 836 videatur
500 772 623 853 aliquos
653 791 691 836 ex
721 771 881 837 amoribus
910 771 964 851 qni
997 771 1142 837 moderni
1171 769 1321 835 dicantur

157 858 352 923 damnandos
375 877 454 939 esse,
486 896 529 906 —
560 877 752 940 quamquam
781 860 921 940 ipsorum
943 876 1055 923 revera
1075 857 1154 922 nulli
1176 857 1321 922 moderni

155 946 228 1025 sint,
253 951 285 1011 et
307 963 415 1011 omnes
435 947 504 1028 jam
526 965 582 1027 per
606 945 761 1027 principia
784 946 857 1010 fidei
880 951 913 1009 et
935 945 1097 1011 Ecclesiae
1120 943 1320 1010 definitiones

156 1033 233 1098 satis
256 1033 397 1098 damnati
421 1035 567 1112 existant,
583 1071 621 1080 -
635 1050 760 1099 errores
783 1033 838 1114 qui
852 1033 1067 1113 proscribendi
1087 1033 1319 1115 judicarentur,

156 1119 250 1199 clare,
286 1121 426 1201 praecise
450 1128 483 1186 et
512 1121 719 1186 determinate
751 1120 935 1185 enuntiandi
968 1125 1083 1199 esseut,
1119 1137 1320 1201 nequaquam

155 1225 230 1273 vero
254 1225 312 1288 per
334 1225 428 1272 voces
451 1207 629 1289 complexas
653 1213 686 1272 et
709 1207 904 1286 multivocas,
930 1207 989 1271 sub
1012 1225 1147 1288 quarum
1168 1206 1320 1287 ambigua

155 1294 365 1378 generalitate
380 1295 498 1360 honum
522 1314 592 1359 cum
608 1295 700 1375 malo,
726 1313 834 1359 verum
850 1313 920 1360 cum
936 1293 1018 1360 falso
1034 1294 1127 1358 simul
1143 1294 1320 1358 admixtum

156 1380 305 1447 confiundi
327 1383 438 1462 possit.
496 1382 545 1446 Ab
567 1382 628 1446 illis
657 1383 791 1447 maxime
821 1381 1041 1446 abstinendum
1072 1382 1202 1447 vocibus
1225 1399 1318 1462 quac,

155 1469 231 1535 lieet
253 1470 293 1533 ad
317 1487 455 1533 errorem
472 1469 694 1550 aquibusdarn
718 1469 895 1549 trahantur,
920 1470 1036 1535 bonum
1059 1475 1167 1534 tamen
1190 1486 1319 1534 sensum

155 1574 232 1637 prae
255 1553 426 1635 seiciunt,
461 1556 524 1621 imo
547 1558 577 1620 in
601 1557 758 1622 communi
781 1556 942 1621 hominum
966 1574 1062 1620 sensu
1084 1557 1165 1621 hene
1189 1560 1318 1637 sonant,

154 1662 195 1708 ne
226 1661 363 1724 unquam
391 1643 536 1717 videatur
563 1650 675 1707 sancta
699 1643 757 1707 Dei
781 1643 933 1722 Ecclesia,
969 1662 1049 1724 quac
1079 1644 1217 1708 omnium
1240 1649 1320 1708 tem·

155 1748 267 1811 porum
292 1734 350 1809 est,
384 1729 538 1794 infensam
561 1749 595 1794 se
628 1730 774 1796 exhibere
805 1732 844 1795 iis
867 1749 949 1810 quac
980 1731 1134 1797 moderna
1165 1735 1249 1810 sunt,
1284 1732 1319 1796 ut

156 1818 255 1882 stulte
278 1823 311 1882 et
333 1817 470 1897 maligne
494 1818 534 1882 ab
558 1819 625 1900 eJus
648 1818 792 1883 hostibus
808 1818 1032 1898 conclamatur,
1057 1818 1113 1884 sed
1130 1823 1258 1882 tantum
1281 1818 1319 1882 iio

155 1922 237 1986 quac
259 1904 344 1969 mala
367 1910 399 1968 et
422 1903 502 1970 falsa
525 1911 608 1969 sunt.

200 2130 238 2193 N
240 2152 315 2195 oooe
335 2132 412 2211 fidei
435 2132 643 2210 definitiones,
667 2134 734 2197 aiei
756 2154 795 2197 err
817 2134 943 2197 omnim
966 2133 1150 2198 necessario
1174 2151 1282 2210 causa,

621 2257 688 2301 noa
710 2236 857 2302 edendae.

266 2379 395 2440 Attente
419 2377 580 2456 praesenti
603 2381 690 2440 statu
715 2375 885 2456 Ecclesiae,
910 2359 1128 2456 humanaeque
1151 2374 1320 2455 societatis,

159 2462 298 2544 prudens
329 2468 600 2546 opportunumque
630 2464 792 2528 videretur
826 2469 862 2527 ut
892 2481 990 2528 novae
1025 2461 1223 2528 definitiones
1253 2460 1322 2528 hdci

65 2580 68 2584 ·
160 2568 223 2616 uon
247 2550 426 2630 ederentur,
461 2551 523 2615 nisi
544 2551 585 2616 oh
615 2551 784 2616 maximam
808 2556 841 2615 ct
862 2550 1129 2616 evidentissimam
1152 2551 1322 2616 necessita·

161 2645 243 2716 tem,
278 2637 311 2702 in
333 2637 382 2702 his
404 2638 591 2719 praesertim
614 2639 754 2703 materiis
778 2638 841 2716 nbi,
875 2656 932 2719 pro
956 2639 1039 2702 notis
1064 2645 1246 2718 temporum
1268 2637 1323 2704 cir·

161 2724 371 2804 cunstantiis,
406 2725 627 2807 hominumque
661 2725 884 2791 hodiernorum
920 2727 1054 2808 ingenio,
1091 2724 1324 2805 praeviderim

162 2812 272 2875 timeri
294 2810 386 2877 facile
408 2820 538 2892 possent
561 2813 736 2877 animorum
758 2813 1011 2894 perturbationes
1036 2818 1068 2876 et
1091 2811 1254 2878 scaudala.

258 3037 311 3102 De
334 3038 504 3103 eharitatis
527 3045 555 3102 et
578 3039 817 3103 misericordiae
842 3040 991 3118 operibus
1014 3038 1190 3103 laudandis
1213 3043 1246 3104 et

624 3144 864 3224 promovendis.

290 3281 363 3345 Hac
397 3288 506 3348 nostra
539 3288 654 3361 aetate,
688 3301 780 3362 quam
821 3282 1007 3347 mirabiliter
1041 3282 1125 3363 apud
1162 3281 1330 3348 catholicos

164 3365 368 3433 efflorescant
391 3370 557 3435 charitatis
580 3379 613 3434 et
636 3369 868 3435 misericordiae
891 3388 989 3450 opera
1004 3388 1095 3434 nemo
1120 3376 1170 3434 est
1192 3370 1331 3449 quinon

166 3455 287 3536 udeat,
312 3461 344 3521 et
367 3474 475 3522 omnes
498 3458 619 3539 pariter
642 3463 759 3522 norunt
781 3463 934 3537 quantum
957 3458 1038 3537 inde,
1068 3457 1153 3537 apud
1176 3456 1264 3536 ipsos
1286 3457 1330 3521 in·

168 3541 351 3608 differentes
375 3550 406 3608 ct
429 3545 616 3623 incredulos,
641 3544 743 3608 laudis
767 3552 799 3609 et
822 3544 945 3610 decoris
968 3543 1027 3608 sibi
1051 3544 1187 3608 vindicet
1210 3543 1329 3625 rehgio.

166 3629 384 3707 Quamobrem
418 3633 545 3697 maximi
579 3633 672 3715 pretii
706 3630 774 3697 fore
806 3633 966 3696 videretur
995 3632 1022 3694 si
1055 3629 1241 3711 Concilium,
1275 3647 1329 3712 pro

168 3719 359 3782 auctoritate
382 3737 445 3799 qua
468 3720 573 3801 pollet,
610 3719 684 3784 huic
705 3726 815 3785 sancto
839 3719 1003 3784 eharitatis
1034 3717 1150 3783 fervori
1174 3736 1260 3783 nova
1281 3735 1331 3784 cu·

168 3804 308 3869 mularet
323 3807 488 3886 incentiva,
512 3808 655 3888 impense
678 3814 710 3871 et
725 3807 907 3871 nominatim
925 3806 1084 3871 laudando
1100 3824 1197 3886 opera
1214 3804 1332 3871 miseri·

168 3892 298 3956 cordiae
320 3911 401 3974 quae
423 3894 540 3975 passim
571 3892 639 3958 fieri
662 3901 844 3972 noscuntur,
878 3898 910 3957 et
931 3891 1040 3958 fideles
1063 3893 1196 3957 vividius
1219 3892 1331 3957 adhor-

170 3980 270 4044 tando
294 3982 384 4044 utin
407 3982 602 4046 inveniendis
625 3989 657 4045 et
680 3980 862 4045 exercendis
885 3981 974 4045 novis
998 3981 1163 4046 charitatis
1185 3981 1331 4062 operibus

169 4065 352 4132 solertiores
376 4068 478 4133 adhuc
502 4074 537 4133 ct
558 4068 713 4149 largiores
736 4086 806 4133 sese
830 4068 980 4132 exhihere
1002 4068 1189 4133 niterentur.
1230 4066 1330 4150 Hujus

170 4152 253 4215 enim
275 4153 415 4234 proiecto
438 4157 541 4220 sancti
564 4154 696 4220 Consilii
718 4161 750 4220 et
773 4155 1007 4236 copiosissimus
1028 4153 1152 4219 fructus
1175 4154 1330 4234 existeret,

171 4241 205 4302 et
226 4255 365 4307 summus
388 4243 489 4306 honor
517 4243 609 4322 foret,
644 4245 680 4320 si,
714 4245 781 4324 ipso
812 4242 967 4308 suadente
997 4247 1030 4306 et
1051 4239 1244 4323 impellente,
1277 4241 1329 4320 ita,

173 4327 276 4408 magis
298 4345 336 4392 ac
359 4330 470 4410 magis,
502 4331 735 4395 misericordiae
763 4348 863 4412 opera
885 4336 919 4393 et
943 4329 1161 4395 institutiones
1183 4329 1329 4408 deinceps
