2946 4942
514 345 552 391 or
574 342 791 391 momrarsus.
1170 327 1233 388 243

70 484 185 549 domos
200 482 402 564 frequentent
418 482 602 564 impediant,
626 500 666 547 ne
688 481 844 562 regularis
860 479 996 544 familiae
1019 480 1234 560 tranquillitas

70 577 110 635 et
132 571 292 635 silentium
319 571 473 647 turbetur,
506 575 539 634 et
569 571 698 650 spiritus
727 567 956 643 observantiae,
992 584 1052 647 quo
1081 565 1235 632 Ordinum

73 657 272 740 regularium
295 657 414 722 alumni
437 657 568 722 animati
590 673 661 721 esse
684 655 808 730 debent,
843 660 996 734 tepescat,
1019 653 1236 735 paulatimque

74 745 290 826 extinguatur.
348 744 468 822 Quibus
500 761 594 825 super
621 742 765 807 omnibus
789 741 1000 821 superiorum,
1037 759 1074 804 ac
1097 741 1237 821 ipsorum

75 831 309 912 Religiosorum
330 831 521 896 conscientia
544 834 675 896 onerata
697 833 870 893 remaneat,

552 1036 688 1105 CAPUT
710 1037 765 1102 111.

186 1177 275 1255 Quae
314 1178 346 1241 in
376 1179 533 1261 superiori
568 1177 670 1258 capite
702 1176 839 1265 sequndo
871 1175 1044 1240 constituta
1079 1181 1160 1252 sunt,
1196 1176 1238 1240 ad

76 1265 232 1329 Instituta
265 1283 388 1347 quoque
422 1266 570 1343 virorum,
607 1266 640 1327 in
674 1263 786 1344 quibus
820 1266 896 1326 vota
928 1266 1049 1326 tantum
1085 1262 1238 1344 simplicia

75 1353 277 1431 emittuntur,
304 1352 518 1430 extendimus,
553 1370 590 1415 ac
622 1352 744 1415 servari
771 1348 925 1414 volumus.
983 1349 1031 1413 nd
1059 1348 1239 1414 clausuram

66 1444 186 1507 ,autem
208 1439 292 1520 qnod
315 1439 439 1516 attinet,
463 1439 538 1504 licet
552 1437 731 1520 hujusmodi
747 1437 899 1501 Instituta
920 1437 1076 1500 communi
1088 1437 1160 1518 jure
1175 1455 1238 1502 non

75 1526 110 1589 ei
136 1526 362 1607 subjiciantur3
398 1533 538 1591 attamen
567 1527 600 1589 in
632 1524 789 1606 aliquibus
819 1523 945 1588 utiliter
969 1525 1152 1588 introducta
1179 1529 1239 1591 cst.

78 1611 268 1677 Mandamus
292 1613 390 1694 igitur
420 1615 517 1677 etiam
540 1613 644 1694 quoad
668 1613 746 1676 haec
770 1612 909 1675 virorum
932 1610 1093 1687 instituta,
1127 1615 1163 1674 ut
1186 1611 1240 1676 ubi

78 1699 230 1764 clausura
258 1701 346 1781 viget
375 1700 441 1764 sive
469 1719 507 1764 ex
534 1699 662 1781 speciali
690 1699 721 1765 S.
750 1698 840 1763 Sedis
871 1697 1085 1777 dispositione,
1120 1698 1187 1762 sive
1210 1699 1240 1763 vi

79 1787 351 1863 constitutionum,
384 1787 450 1851 sive
474 1805 542 1864 usu,
577 1785 686 1850 sedulo
710 1791 862 1850 servetur.
921 1783 982 1848 Pro
1005 1785 1075 1847 aliis
1099 1803 1183 1862 vero,
1207 1787 1240 1848 in

77 1873 194 1953 quibus
224 1874 362 1938 nondum
391 1879 513 1939 statuta
543 1874 707 1952 reperitur,
741 1871 925 1936 facultatem
952 1872 1151 1952 impertimur
1173 1871 1241 1935 Mo·

79 1960 282 2024 donatoribus
306 1959 525 2037 Generalibus,
549 1962 615 2024 sive
638 1978 694 2041 per
716 1977 759 2038 se,
788 1961 855 2023 sive
879 1977 933 2039 per
955 1958 1032 2023 alios
1055 1957 1240 2040 Superiores

78 2048 121 2111 ab
143 2047 220 2127 ipsis
237 2047 442 2127 deputandos,
467 2049 647 2113 clausuram
662 2049 695 2111 in
710 2047 828 2127 proprii
844 2045 987 2109 Instituti
1000 2046 1041 2109 ab
1059 2046 1241 2127 Apostolica

77 2133 163 2197 Sede
186 2134 352 2215 approbati
376 2134 519 2200 domibus
535 2133 754 2199 constituendi.
800 2133 869 2198 Hac
892 2138 998 2197 autem
1021 2131 1171 2198 facultate
1193 2134 1243 2197 uti

77 2221 207 2299 debent,
231 2222 292 2286 nisi
314 2221 420 2303 aliqua
442 2221 546 2303 gravis
570 2238 664 2286 causa
687 2219 855 2301 peculiaris
877 2221 972 2284 aliter
996 2219 1148 2284 suadeat:
1179 2238 1242 2301 quo

77 2309 114 2371 in
150 2325 226 2371 casu
255 2308 324 2373 aliis
357 2307 536 2373 efficacibus
567 2309 666 2372 modis
695 2309 890 2387 provideant,
926 2326 965 2370 ne
999 2325 1036 2371 ex
1070 2307 1240 2371 mulierum

79 2412 209 2459 accessu
232 2395 372 2476 pericula
395 2401 427 2459 et
450 2395 598 2460 scandala
620 2396 771 2459 oriantur.

557 2601 693 2668 carim
714 2601 768 2665 IV.

188 2741 394 2807 Inhaerentes
418 2741 641 2806 Constitutioni
664 2739 818 2806 Bonifatii
842 2741 936 2818 vlu,
961 2741 1089 2805 decreto
1113 2737 1245 2805 Concilii

80 2827 266 2908 Tridentini,
297 2835 329 2894 et
353 2830 568 2893 sanctionibus
592 2829 792 2894 Summorum
815 2826 1002 2893 Pontificum
1023 2826 1246 2909 praedeeesso-

80 2932 154 2978 rum
177 2919 366 2993 nostrorum,
376 2917 400 2998 ¹)
424 2919 564 2997 graviter
578 2916 787 2996 praecipimus
803 2915 979 2997 Episcopis,
1004 2922 1039 2978 ut
1054 2916 1087 2978 in
1102 2914 1246 2980 omnibus

81 3004 285 3066 monasteriis
313 3004 372 3067 sibi
401 3004 554 3082 subjectis
583 3004 752 3081 ordinaria,
787 3004 820 3066 in
850 3003 920 3067 aliis
947 3021 1021 3066 vero
1046 3001 1244 3083 Apostolicae

83 3088 175 3153 Sedis
199 3090 396 3168 auctoritate,
421 3090 599 3155 clausuram
614 3089 914 3168 sanctimonialium,
939 3089 992 3153 ubi
1006 3088 1125 3153 violata
1140 3087 1244 3169 fuerit,

82 3174 254 3256 diligenter
277 3178 420 3254 restitui;
456 3183 489 3242 et
511 3178 564 3241 ubi
587 3176 740 3241 inviolata
763 3183 878 3253 manet,
909 3177 1090 3241 conservari
1111 3177 1245 3240 maxime

83 3269 273 3344 procurent:
308 3265 354 3327 ita
383 3273 419 3328 ut
449 3283 512 3329 non
542 3266 643 3330 solum
673 3263 826 3327 lloniales
856 3263 964 3345 egredi
996 3281 1013 3327 e
1045 3264 1245 3328 monasteriis

82 3357 254 3429 nequeant,
284 3370 393 3414 verum
417 3354 513 3416 etiam
537 3370 628 3416 nemo
644 3353 868 3433 cujuscumque
891 3352 1024 3432 generis,
1050 3350 1244 3428 conditionis,

84 3443 143 3500 aut
160 3454 253 3501 sexus
276 3439 364 3503 inea
387 3439 517 3518 ingredi,
540 3438 591 3504 vel
608 3439 830 3520 cujuscumque
845 3438 960 3502 aetatis
984 3438 1079 3502 etiam
1095 3435 1246 3501 infantilis

85 3523 214 3587 admitti
230 3526 329 3606 possit
353 3527 411 3590 sub
428 3528 569 3590 censuris
592 3532 625 3590 et
639 3527 749 3607 poenis
774 3531 884 3589 contra
899 3524 1052 3590 violantes
1069 3524 1247 3589 clausuram

87 3611 302 3689 comminatis,
326 3631 388 3677 non
411 3613 560 3678 obstante
583 3613 693 3694 quavis
716 3612 812 3676 etiam
834 3611 920 3694 longi
943 3613 1092 3692 temporis
1116 3629 1248 3675 consue·

84 3697 211 3777 tudine;
237 3701 375 3780 exceptis
399 3706 505 3764 tamen
528 3702 651 3765 casibus
672 3718 691 3762 a
703 3700 775 3781 jure
799 3699 968 3781 permissis,
992 3698 1023 3763 in
1047 3699 1158 3778 quibus
1181 3715 1248 3761 ser-

84 3789 201 3847 ventur
224 3785 262 3849 de
282 3787 354 3867 jure
377 3788 549 3863 servanda;
574 3794 606 3851 et
629 3787 724 3850 salvis
747 3787 876 3851 indultis
900 3786 940 3849 ab
964 3785 1141 3866 Apostolica
1164 3783 1245 3848 Sede

87 3871 236 3951 obtentis,
259 3876 446 3953 praesertim
469 3875 573 3953 quoad
596 3881 744 3937 externas
768 3875 944 3953 puellarum
968 3872 1099 3936 scholas.

88 3997 301 4004 ————

201 4045 223 4109 ¹)
249 4045 374 4102 Bonifac.
398 4047 473 4100 Vlll.
505 4049 532 4099 in
559 4061 617 4113 cap.
646 4046 807 4099 Periculoso
830 4053 854 4098 4.
882 4046 915 4097 de
936 4051 1011 4098 stota
1036 4045 1133 4113 Requi,
1158 4045 1190 4097 in
1215 4048 1249 4110 d,

88 4112 196 4169 Concil.
221 4114 296 4169 Trid.
325 4133 384 4183 cup.
405 4120 428 4171 5.
457 4131 522 4169 sess.
541 4121 583 4172 25.
613 4115 645 4168 de
670 4116 808 4184 ltepulor,
836 4116 863 4172 S.
884 4116 948 4168 Pius
968 4116 998 4166 V.
1027 4114 1142 4168 Constit.
1169 4113 1249 4168 Circa

85 4183 256 4250 pastoralia,
276 4192 303 4239 et
321 4186 414 4240 (tonet.
425 4186 528 4239 Decori
540 4193 565 4239 et
576 4186 721 4251 honestati,
742 4187 856 4253 Gregor.
877 4185 950 4238 Xlll.
970 4185 1063 4241 const.
1083 4185 1143 4237 Deo
1161 4186 1249 4237 socrat

87 4261 118 4306 et
137 4253 233 4307 Sonat.
253 4254 363 4321 Dubiis,
391 4256 549 4311 Alexander
568 4257 629 4309 Vll.
649 4256 743 4310 Const,
763 4255 860 4319 Felici,
888 4263 917 4308 et
936 4253 1036 4308 Bened.
1058 4254 1129 4308 lllV.
1156 4254 1248 4308 Conat.

88 4323 225 4389 Salam
245 4327 318 4378 etin
336 4326 390 4379 alia
411 4324 466 4378 Por
485 4326 573 4378 birras.

1095 4410 1144 4463 10*
