2946 4942
223 322 283 382 146
720 334 888 384 rosrunlrs

324 472 483 538 Nonnulla
506 492 544 538 ex
565 473 613 537 his
644 475 753 554 petitis
772 474 838 554 jnm
866 473 917 539 vel
940 493 960 538 a
980 473 1109 542 Summo
1131 475 1387 544 Pontificecon·

220 579 310 626 cessa
325 559 424 641 fuere,
440 560 489 625 vel
505 561 538 624 in
553 561 674 625 recenti
685 560 860 639 Schemate,
877 561 966 626 nobis
982 563 1163 644 distributo,
1179 566 1388 646 reperiuntur

219 649 392 730 proposita.
445 647 494 713 Ea
523 649 690 712 tamenin
719 652 827 713 nostro
855 648 962 714 libello
985 649 1184 733 reliquimus,
1219 653 1387 734 quiajam

219 740 296 800 tunc
318 735 372 800 ille
400 734 561 800 confectus
584 740 666 813 erat;
700 735 835 800 ethaeo
861 742 1023 801 caeterum
1047 738 1180 804 duorum
1210 739 1385 831 vel'trium

219 823 453 906 postulatorum
476 821 678 902 superfluitas
701 822 766 887 Vos
788 823 916 888 minime
939 843 1076 905 grauate
1098 830 1214 906 potest.

326 926 387 1008 Spe
408 926 481 991 freti
509 928 592 1008 quod
614 926 720 1007 aliqua
751 927 873 993 utilitas
896 947 934 993 ex
960 929 1010 994 his
1032 930 1150 995 nostris
1173 931 1385 1012 petitionibus

220 1016 356 1167 afflig
371 1013 510 1167 ἓξὲξ
522 1013 684 1079 Ecclesiae
706 1015 844 1094 accedet,
868 1021 993 1081 nosmet
1008 1016 1204 1098 profitemur,
1220 1019 1386 1085 Reveren-

412 1241 613 1308 Eminentiae
635 1241 777 1320 Vestrae,
800 1242 877 1305 item
901 1247 933 1306 et
955 1242 1189 1313 Venerabilium

611 1327 742 1392 Petrum
766 1328 990 1410 deputatorum

541 1517 844 1602 Obsequentissirnos
867 1527 961 1603 otqne
983 1522 1220 1588 addictissimos
1240 1519 1390 1603 famulos

659 1650 664 1660 -
767 1612 797 1672 et
819 1608 855 1671 in
879 1606 1006 1674 Obristo
1025 1610 1157 1689 fratres.
1338 1627 1340 1631 ’

315 1763 402 1830 Huic
419 1763 634 1844 postulationi
657 1764 916 1844 snbscripsernnt
938 1770 976 1828 11
1001 1763 1138 1831 Ooncilii
1160 1767 1286 1834 Patres.

375 2180 426 2246 De
449 2179 643 2245 Seminariis
666 2180 853 2246 clericorum
875 2181 991 2265 nbiqne
1013 2184 1230 2252 instituendis.

326 2321 538 2385 Instituentur
560 2319 594 2383 in
609 2320 754 2385 omnibus
778 2321 974 2387 dioecesibus
995 2321 1117 2403 majore
1139 2322 1330 2404 seminaria,
1362 2344 1385 2390 a

220 2409 393 2476 minoribus
424 2425 554 2489 prorsus
581 2406 743 2486 distincta,
770 2409 938 2488 inquibus
964 2426 1073 2474 omnes
1104 2410 1271 2476 ordinandi
1293 2417 1389 2478 tene·

220 2502 315 2563 antur
343 2496 488 2561 habitare
521 2499 553 2560 et
583 2496 793 2560 communiter
821 2498 941 2575 vivere,
976 2515 1033 2577 per
1062 2502 1207 2578 quatuor,
1238 2502 1297 2563 aut
1319 2503 1388 2565 tres

220 2585 336 2650 saltem
369 2600 481 2662 annos,
516 2581 690 2662 studiisque
725 2582 947 2648 ecclesiasticis
981 2589 1014 2649 et
1047 2585 1205 2650 exercitiis
1234 2586 1389 2666 spiritus·

219 2673 314 2751 libus,
350 2670 409 2735 sub
439 2674 549 2734 sancto
580 2670 705 2750 piorum
740 2676 772 2735 et
794 2671 961 2736 doctorum
990 2673 1191 2737 secerdotum
1218 2674 1387 2756 regimine,

220 2777 351 2841 operam
374 2758 462 2822 dare.
1054 2800 1056 2804 -

326 2844 361 2909 st
383 2862 466 2924 quae
487 2861 563 2907 vero
586 2843 747 2908 dioeceses
769 2861 833 2907 non
851 2849 982 2924 possent
1004 2845 1115 2909 statim
1137 2847 1306 2928 proprium·
1323 2847 1389 2914 sibi

219 2932 424 2998 seminarium
447 2931 647 3009 constituere,
671 2930 837 2995 ordinandi
860 2930 972 2995 harum
988 2933 1172 2999 dioeceseon
1187 2933 1390 3000 collocentur

219 3021 349 3086 interim
382 3021 416 3085 in
449 3019 581 3084 aliorum
613 3018 843 3100 Episcoporum
871 3020 1062 3098 seminariis,
1097 3026 1134 3085 ut
1160 3021 1207 3087 sic
1236 3021 1389 3104 deinceps

219 3127 313 3174 nemo
337 3108 379 3173 ad
409 3106 623 3173 sacerdotium
651 3110 886 3187 promoveatur,
921 3108 995 3187 quin
1018 3113 1052 3172 et
1084 3109 1137 3173 diu
1164 3109 1289 3189 riteque
1312 3126 1390 3191 pro-

219 3196 322 3276 batus,
347 3201 380 3260 et
404 3194 598 3276 competenti
624 3194 757 3258 scientia
777 3193 960 3274 instructus,
985 3200 1018 3259 et
1040 3195 1081 3259 sd
1097 3195 1243 3276 virtutes,
1267 3213 1389 3280 mores,

220 3285 444 3365 ingeniumque
465 3287 569 3347 status
585 3280 737 3346 clericalis
754 3299 811 3361 per
833 3287 976 3346 sanctam
993 3282 1187 3365 disciplinam
1210 3289 1243 3349 et
1259 3299 1391 3365 compc-

217 3375 340 3437 tentem
362 3370 594 3434 institutionem
616 3367 711 3433 fuerit
734 3365 926 3436 efformatus.

325 3457 371 3524 Ut
392 3463 496 3522 autem
514 3455 708 3521 clericorum
731 3455 875 3521 educatio
898 3456 931 3520 in
954 3457 1138 3538 seminariis,
1161 3463 1231 3522 tum
1252 3459 1390 3541 majori-

218 3545 280 3611 bus
301 3552 371 3609 tum
394 3545 577 3622 minoribus,
606 3540 777 3624 perfectior
799 3548 833 3608 et
856 3545 1034 3609 accuratior
1056 3558 1128 3610 esse
1151 3549 1267 3627 posset,
1290 3545 1390 3613 valdo

220 3633 298 3698 utile
319 3633 480 3697 videretur
509 3632 662 3715 speciales
693 3630 817 3711 aliquas
840 3630 965 3696 scholas
987 3633 1122 3714 institui,
1146 3634 1179 3697 in
1212 3633 1329 3713 quibus
1351 3639 1390 3701 ct

222 3739 275 3786 ars
299 3720 445 3797 docendi,
481 3726 513 3784 ct
542 3737 596 3785 ars
625 3718 720 3784 altior
751 3723 785 3782 et
814 3716 970 3784 difficilior
998 3721 1132 3785 virtutes
1163 3721 1330 3787 clericales
1352 3722 1391 3788 iu

216 3807 387 3892 juvenibus
409 3805 592 3873 efformandi
615 3806 843 3871 addisceretur.

253 3999 305 4066 De
324 3998 538 4080 promovendo
560 4000 596 4063 in
619 3997 812 4064 Seminariis
834 4017 1003 4063 sacrorum
1025 3999 1214 4082 linpnornm
1235 3999 1354 4066 studio·

326 4140 540 4206 Revelationis
564 4139 688 4204 divinae
711 4137 887 4203 adversarii
901 4137 980 4202 nihil
994 4138 1184 4203 intentatum
1201 4138 1393 4219 relinquunt

221 4230 259 4292 ut
279 4244 443 4293 sacrorum
463 4227 615 4294 librorum
637 4226 860 4291 auctoritatem
876 4225 1063 4305 convellant,
1086 4232 1121 4291 et
1143 4226 1185 4290 ad
1207 4226 1291 4290 hunc
1316 4246 1392 4310 pes·

221 4316 336 4380 simum
358 4311 453 4379 finem
474 4314 721 4397 assequendum,
753 4313 867 4378 multas
891 4313 1083 4398 objectiones
1106 4313 1295 4396 depromere
1319 4333 1391 4384 ma·
