2946 4942
608 329 649 376 nn
670 329 851 378 nimirums.
1248 316 1310 377 155

151 469 250 533 tinum
273 469 445 534 constituta
466 467 604 549 fuerunt,
629 469 691 534 imo
714 473 747 534 et
769 468 810 533 ad
832 486 872 533 ea
892 484 974 548 quae
993 468 1141 548 deinceps
1164 468 1312 532 constitui

151 561 290 637 possent.
343 556 465 621 Metiva
494 556 648 636 siquidem
676 555 756 637 legis
778 555 982 620 Tridentinae
1010 561 1210 635 atempore,
1245 556 1316 618 sive

150 644 338 795 ἓθιὲιῖεέῃειθιειί
365 649 438 725 pest
470 640 659 722 Concilium,
688 642 935 723 independentia
962 659 1090 723 prorsus
1119 659 1189 747 esse
1212 642 1339 705 mani·-

180 991 316 1055 Iuduito
339 988 514 1070 apostolica
535 989 709 1071 Episcepis
727 1009 789 1070 peu
812 995 911 1053 totum
933 989 1135 1069 episcopatus
1158 994 1281 1068 tempus

242 1096 426 1160 accessorio
442 1115 506 1174 pro
530 1101 591 1160 toto
615 1096 814 1176 episcopatus
838 1097 975 1173 tempore
999 1092 1222 1157 coucedoutuu.

255 1233 383 1299 Indulta
411 1235 577 1316 Episcopis
613 1252 762 1299 concessa
796 1252 854 1314 pro
880 1231 1086 1297 facultatibus
1114 1250 1194 1312 quae
1217 1232 1312 1313 hujus

148 1326 224 1387 sunt
246 1323 369 1402 generis
392 1327 428 1385 ut
450 1323 622 1403 Episcopus
653 1323 691 1385 iis
713 1322 833 1401 pariter
855 1320 995 1401 indigere
1025 1324 1207 1399 pertatem
1231 1319 1315 1400 epis·
1362 1360 1367 1373 ·

150 1413 297 1489 copatum
313 1409 436 1487 debeat,
452 1410 635 1474 viderentur
650 1427 711 1472 nen
729 1407 948 1472 concedendae
964 1405 1005 1470 ad
1020 1412 1155 1486 tempus,
1171 1411 1208 1470 ιιι
1230 1425 1313 1472 nunc

149 1493 195 1574 fit,
219 1515 248 1562 v.
272 1514 303 1575 g.
327 1496 368 1559 ad
390 1514 515 1576 annum,
545 1495 594 1560 vel
618 1496 659 1560 ad
682 1500 758 1572 tres,
783 1504 839 1559 aut
862 1495 1000 1574 quinque
1022 1509 1129 1572 annae,
1162 1493 1219 1558 sed
1241 1511 1313 1574 pre·

148 1583 327 1648 tendendae
343 1583 384 1648 ad
399 1587 501 1647 totum
524 1590 650 1664 tempus
666 1584 876 1664 episcopatus,
901 1582 995 1660 idque
1010 1586 1141 1661 propter
1156 1580 1313 1662 duplicem

149 1669 232 1735 hanc
268 1671 440 1734 rationem:
489 1676 519 1733 1⁰
556 1689 596 1734 ne
634 1671 799 1750 Episcopis
836 1668 990 1733 inutiliter
1027 1669 1207 1749 imponatur
1244 1686 1311 1732 me·

148 1755 243 1823 lestia
277 1756 332 1821 illa
364 1758 495 1838 petendi
528 1763 596 1821 tam
630 1755 812 1837 trequentes
844 1755 1065 1820 renovationes
1099 1754 1311 1833 indultorum3

151 1847 183 1908 2⁰
206 1848 253 1923 (ει
275 1843 356 1910 haec
376 1846 460 1909 ratio
491 1851 540 1908 est
562 1844 745 1925 praecipua)
769 1863 809 1907 ne
831 1849 922 1907 actus
945 1841 1141 1923 episcopales
1164 1840 1256 1906 multi
1280 1847 1313 1906 et

150 1931 340 2013 gravissimi,
370 1951 400 1994 v.
424 1951 453 2011 g.
478 1931 746 2012 dispensationes,
777 1930 992 1996 absolutiones
1015 1935 1086 2007 etc,
1115 1935 1313 2009 exponantur

150 2016 296 2083 facillimo
328 2018 484 2082 nullitatis
507 2018 663 2099 periculo,
696 2017 784 2095 dum,
818 2022 854 2080 ut
877 2036 940 2080 non
963 2035 1036 2080 raro
1059 2014 1103 2094 fit,
1135 2015 1315 2098 Episcopus

150 2104 198 2169 vel
222 2105 291 2186 ejus
315 2105 521 2170 cancellarius
544 2105 634 2170 obliti
657 2105 776 2169 fuerint
798 2104 969 2185 postulare,
994 2110 1136 2183 tempore
1151 2103 1311 2183 requisito,

150 2192 384 2258 renovationem
409 2191 612 2258 indultorum.

255 2279 348 2343 Hanc
381 2279 606 2359 obligationem
641 2278 802 2343 obtinendi
835 2296 892 2358 per
926 2276 1063 2355 indulta,
1098 2276 1314 2342 indesinenter

151 2365 350 2443 renovanda,
384 2365 553 2435 facultates
584 2367 626 2431 ad
647 2366 762 2431 bonam
794 2367 934 2428 muneris
957 2363 1075 2444 publici
1098 2364 1312 2428 executionem

151 2454 360 2532 necessariae,
392 2453 516 2531 nullibi,
552 2458 588 2516 ut
611 2458 774 2534 putamus,
805 2451 912 2516 videre
937 2454 986 2515 est
1016 2450 1077 2513 nisi
1105 2451 1138 2514 in
1161 2451 1313 2532 regimine

150 2540 374 2618 ecclesiastice,
398 2540 482 2620 quod
505 2546 611 2604 tamen
635 2540 766 2604 deberet
791 2556 859 2603 esse
875 2538 1014 2602 omnium
1036 2537 1222 2618 regiminum
1239 2538 1313 2603 sim-

147 2628 366 2709 plicissimum,
390 2633 423 2692 et
443 2627 476 2690 in
499 2643 561 2707 quo
576 2635 743 2708 praeterea
764 2626 915 2708 Episcopi
929 2625 1034 2690 locum
1049 2625 1317 2706 praestantiorem

147 2719 271 2793 tenent,
298 2732 400 2794 quam,
423 2716 456 2778 in
479 2715 631 2795 regimine
654 2714 793 2794 politico,
816 2713 970 2794 praelecti
993 2717 1026 2778 et
1049 2709 1207 2777 officiales.

338 2955 391 3024 De
412 2957 694 3038 Arctiepiscepali
714 2957 896 3022 uisitatione
918 2955 1123 3022 restituendo.

256 3095 397 3174 Quilibet
418 3098 679 3180 Archiepiscepus
702 3096 827 3174 debeat,
850 3095 984 3176 singulis
1006 3095 1119 3159 saltem
1139 3094 1312 3175 quinquen-

132 3184 218 3264 niis,
243 3190 374 3250 cunctas
390 3186 549 3250 dioeceses
572 3182 752 3266 provinciae
773 3200 851 3247 suae
864 3184 1009 3259 visitare3
1032 3182 1087 3245 ubi
1102 3182 1142 3245 de
1166 3180 1311 3245 omnibus

132 3271 319 3353 diligenter
340 3272 489 3353 inquirat,
512 3278 546 3337 ει
568 3290 649 3354 quae
673 3271 858 3351 corrigenda
880 3288 949 3334 esse
964 3269 1164 3350 videbuntur,
1187 3286 1246 3350 per
1267 3286 1311 3348 se,

131 3359 195 3424 vel
220 3357 374 3423 relatione
398 3359 439 3423 ad
454 3360 629 3424 Romanum
646 3356 833 3427 Pontificem
848 3356 945 3436 iacta,
970 3357 1106 3438 corrigat
1126 3361 1182 3422 aut
1198 3356 1320 3438 corrigi

131 3449 309 3528 procuret.

256 3532 512 3598 Archidieeeeses
536 3537 656 3611 autem,
688 3533 728 3598 ab
751 3532 856 3612 aliquo
879 3525 1180 3614 ejusdem'nationis
1203 3528 1316 3594 Archi·

131 3620 310 3703 episcopo,
334 3638 353 3682 a
376 3621 517 3685 Romane
540 3619 691 3685 Pontifice
721 3620 764 3685 ad
785 3619 845 3685 hoc
868 3618 1047 3700 specialiter
1070 3617 1226 3700 delegate,
1250 3618 1313 3682 sin-

131 3706 232 3788 gulis
256 3706 368 3772 saltem
392 3706 550 3773 decenniis
573 3707 750 3772 visitentur.

131 3964 200 4033 De
216 3967 490 4048 appellationibus
512 3970 556 4032 ad
572 3968 606 4036 S.
623 3967 735 4033 sedem
757 3988 821 4032 uou
836 3967 1052 4044 admittendis,
1076 3967 1190 4030 omisso
1206 3965 1311 4029 medio

475 4093 573 4155 aeque
592 4092 656 4154 pro
679 4072 850 4137 leuioribus
872 4074 987 4138 causis.

256 4211 494 4293 Appellationes
527 4213 568 4278 ad
591 4210 622 4278 S.
647 4211 776 4294 Sedem,
808 4195 926 4277 'omisso
953 4211 1055 4276 medio
1085 4209 1244 4276 secundae
1266 4211 1322 4276 in·-

140 4298 299 4379 stantiae,
321 4298 557 4379 metropolitani
580 4299 707 4381 scilicet,
730 4317 794 4365 non
816 4299 969 4364 deberent
991 4298 1131 4376 admitti;
