2946 4942
551 332 590 378 nn
615 331 709 378 44444
731 331 920 379 4444444444.
1277 313 1316 375 ’43

159 471 371 551 descendere,
401 489 421 536 a
454 470 541 536 nulla
567 472 657 552 proin
680 470 842 534 hominurn
864 475 1023 551 potestate
1046 470 1094 535 vel
1118 471 1318 536 concessione

135 565 143 579 ’
159 557 308 638 4444444,
332 563 428 639 atque
449 559 533 623 omni
556 562 699 640 tempore
722 562 754 622 44
769 558 802 620 44
818 558 1020 623 atrocissimis
1035 558 1195 622 Romanae
1211 557 1318 622 Eccle-

160 646 229 709 siae
251 644 473 711 aiflictionibns
495 646 669 727 perdurare
685 643 850 722 illibatam,
867 651 961 726 prout
977 646 1072 709 etiam
1092 646 1123 708 in
1139 645 1318 712 carceribus

149 738 196 796 wet
219 734 379 815 martyriis
402 734 488 798 beati
510 733 569 797 Pet
570 733 598 796 ri
555 732 813 814 ttperduravi
790 736 832 796 t“

267 827 298 884 4.
334 819 509 886 Concilium
538 819 728 900 provinciale
753 819 933 896 Colocense,
964 836 1046 883 anno
1072 823 1156 884 1860
1180 818 1318 884 celebra·

158 913 240 986 tum
265 906 343 973 hace
365 917 429 972 stat
430 909 493 972 uit:
522 906 808 986 ,Quenradmodum
831 907 889 970 Pet
875 912 945 970 trus
968 912 1070 970 erat
1127 907 1255 971 .4·444
1216 911 1318 972 trinae

156 993 236 1058 fidei
259 995 410 1076 44344444
431 993 667 1076 irrefragabilis,
692 1013 749 1074 pro
772 1012 834 1094 444
856 995 923 1074 4444
948 956 1101 1058 Dominus
1122 995 1304 1094 44344444

156 1100 226 1146 non
250 1081 399 1147 deficeret
421 1080 498 1146 fides
522 1085 590 1163 ejus
614 1135 621 1147 .
648 1131 654 1145 .
680 1130 703 1158 .,
696 1083 795 1162 ·4444
818 1082 909 1146 modo
932 1080 1018 1161 44344
1010 1080 1063 1144 nni
1079 1083 1147 1162 ejus
1162 1083 1194 1144 in
1211 1087 1263 1145 444
1249 1081 1317 1146 4444-

154 1170 240 1233 4444
262 1168 423 1235 Romanae
448 1168 582 1234 culmine
606 1186 806 1234 successores
827 1217 834 1231 .
859 1219 866 1231 .
892 1168 1092 1249 ,depositum
1109 1166 1182 1232 fidei
1198 1186 1318 1233 summo

151 1262 196 1320 et
218 1256 426 1337 irrefragabili
450 1257 577 1322 oraculo
602 1256 781 1320 custodiunt
880 1255 972 1321 Unde
995 1257 1224 1336 propositiones
1241 1255 1317 1320 cleri

151 1342 309 1424 gallicani
338 1363 420 1408 anno
446 1349 528 1408 1682
553 1344 665 1420 444444,
689 1343 854 1424 quaejam
877 1344 948 1425 piae
972 1344 1138 1407 memoriae
1161 1341 1317 1421 Georgius

156 1431 425 1513 Archiepiseopus
448 1431 671 1511 strigoniensis
695 1451 757 1496 una
786 1449 855 1495 curn
879 1432 993 1495 ceteris
1016 1430 1200 1511 Hungariae
1222 1430 1319 1495 Prae·

149 1516 283 1582 ,salibus
306 1519 414 1584 eodem
437 1518 540 1583 adhuc
563 1537 645 1582 anno
669 1519 792 1598 publice
815 1519 1007 1599 proscripsit,
1023 1517 1133 1581 itidem
1149 1517 1316 1597 rejicimus,

156 1607 398 1686 proscribimus
435 1613 530 1686 atque
562 1606 683 1670 cunctis
722 1606 905 1670 Provinciae
935 1606 1028 1686 hujus
1055 1603 1200 1669 fidelibus
1222 1606 1318 1669 inter·

151 1693 312 1771 dicimus,
347 1712 387 1758 ne
421 1711 474 1758 eas
509 1693 614 1774 443444
644 1691 694 1756 vel
728 1698 850 1771 tenere,
875 1693 975 1757 multo
999 1694 1100 1756 minus
1124 1692 1238 1756 docere
1262 1711 1318 1756 ou-

150 1780 303 1845 derent.“
698 1812 700 1816 >

269 1872 298 1931 5.
333 1866 506 1931 Concilium
536 1866 710 1948 4444444444
734 1866 986 1943 Β44444444444,
1011 1885 1093 1932 4444
1119 1871 1202 1931 4866
1227 1884 1317 1931 coac-

151 1961 240 2033 ·tum,
264 1956 297 2017 44
319 1955 461 2032 decretis,
486 1955 599 2035 quibus
622 1959 664 2017 44
682 1954 918 2034 archiepiscopi
940 1960 973 2018 44
985 1954 1137 2036 Episcopi
1160 1954 1319 2035 subscrip-

157 2050 280 2118 serunt,
304 2043 388 2106 inter
410 2042 473 2105 alia
496 2042 575 2107 baec
598 2042 705 2106 docet:
734 2042 831 2118 ,Viva
854 2050 888 2104 et
910 2042 1081 2105 infallibilis
1098 2043 1270 2106 auctoritas
1286 2043 1318 2104 44

154 2148 201 2194 44
222 2134 345 2192 tantum
368 2130 453 2210 viget
476 2128 626 2205 Ecclesia,
650 2148 731 2209 quae
748 2147 766 2191 4
783 2127 908 2192 Christo
924 2129 1054 2193 Domino
1067 2146 1163 2210 supra
1180 2128 1317 2206 Petrum,

157 2217 260 2282 totius
284 2215 445 2287 Ecclesiae
469 2223 573 2297 caput,
597 2217 768 2296 principem
792 2222 825 2279 et
841 2221 1009 2296 pastorem,
1027 2216 1116 2295 cujus
1131 2215 1223 2279 fidem
1241 2234 1319 2279 4444-

158 2320 255 2384 quam
292 2302 484 2376 defecturam
515 2305 675 2384 promisit,
700 2301 888 2381 aedificata,
914 2321 987 2367 suos
1010 2302 1168 2382 legitimos
1191 2320 1318 2383 semper

154 2391 258 2456 habet
290 2389 474 2468 Pontifices,
513 2391 580 2454 sine
612 2391 841 2455 intermissione
872 2391 911 2454 ab
944 2392 1010 2470 ipso
1042 2391 1137 2454 Petro
1166 2391 1317 2453 ducentes

156 2479 326 2558 originem,
357 2480 389 2541 in
423 2477 490 2557 ejns
514 2478 664 2542 cathedra
687 2478 874 2554 collocatos,
904 2483 937 2542 44
959 2477 1098 2556 ejusdem
1122 2479 1219 2540 etiam
1242 2477 1315 2542 doc-

156 2565 280 2645 trinae,
306 2565 483 2646 dignitatis,
516 2564 643 2629 honoris
678 2572 710 2629 44
734 2565 901 2645 4444444444
936 2565 1088 2629 haeredes
1112 2569 1144 2628 et
1167 2563 1317 2629 vindices.

157 2651 207 2716 Et
229 2653 376 2733 quoniam
399 2653 453 2716 ubi
476 2653 597 2731 Petrus,
623 2653 666 2715 ibi
690 2652 840 2729 Ecclesia,
864 2669 901 2715 ac
926 2653 1036 2715 Petrus
1065 2670 1120 2732 per
1144 2653 1317 2716 Romanum

156 2738 345 2804 Pontificem
379 2739 517 2820 loquitur
546 2746 578 2805 44
612 2757 735 2820 semper
763 2741 795 2802 in
827 2741 893 2802 suis
927 2739 1158 2805 successoribus
1188 2739 1264 2803 vivit
1286 2746 1318 2802 et

147 2826 310 2908 ‚judicium
344 2833 485 2905 exercet,
517 2845 556 2892 ac
586 2831 729 2909 44444444
764 2826 988 2909 quaerentibus
1026 2825 1100 2891 tidei
1134 2827 1317 2900 veritatem;
1388 2903 1391 2905 Α

155 2915 280 2979 idcirco
314 2914 425 2978 diuina
458 2915 584 2996 etoquia
617 2935 652 2979 eo
672 2914 773 2994 piane
794 2934 890 2978 sensu
912 2921 988 2979 sunt
1011 2914 1213 2992 accipienda,
1238 2934 1318 2996 4444

150 3003 264 3067 tenuit
296 3021 333 3065 ac
360 3007 442 3065 tenet
471 3001 548 3066 4444
570 3002 719 3066 Romana
741 3001 914 3066 beatissimi
940 3002 997 3065 Pet
998 3003 1029 3064 ri
1052 3007 1103 3065 cat
1091 3001 1210 3078 t,bedra
1235 3019 1315 3081 quae

156 3091 299 3154 omnium
321 3088 532 3153 Ecclesiarum
547 3095 614 3153 mat
616 3108 651 3153 er
666 3096 699 3154 44
715 3090 875 3169 magistra,
892 3088 985 3153 fidem
1002 3106 1021 3152 a
1037 3086 1146 3152 Christ
1132 3093 1164 3151 to
1181 3050 1316 3152 Iiomino

150 3176 382 3241 4444444444
335 3181 382 3239 444
383 3194 489 3258 egram
502 3176 749 3256 inviolatamque
764 3194 888 3275 semper
903 3176 1042 3240 servavit
1044 3195 1197 3257 ,eamque
1207 3175 1317 3276 (idetes

151 3250 294 3340 edocuit,
319 3264 464 3328 omnibns
485 3268 534 3328 ost
522 3264 652 3328 tenderes
674 3264 774 3328 catut
748 3270 791 3327 trs
806 3263 951 3327 semitam
967 3263 1025 3328 44
1012 3269 1221 3341 incorruptae
1238 3264 1316 3327 veri·

153 3351 239 3415 tatis
263 3351 362 3415 4444·
322 3355 449 3416 t.r1nam

268 3443 298 3502 6.
333 3436 505 3502 Concilium
522 3439 658 3519 primum
670 3437 859 3519 provinciale
871 3437 1218 3516 westmonasteriense,
1236 3456 1317 3502 4444

159 3530 248 3590 1852
282 3525 445 3605 habitum,
480 3524 666 3606 profitetur:
702 3525 799 3604 „Cum
823 3527 975 3590 Dominus
999 3531 1107 3590 noster
1130 3525 1317 3589 adhortetur

153 3613 283 3677 dicens:
319 3613 483 3677 Attendite
518 3612 559 3676 ad
589 3632 628 3693 pe
630 3622 728 3690 tram,
754 3612 845 3677 unde
860 3613 955 3677 excisi
977 3619 1026 3677 est
1027 3614 1073 3693 is,
1099 3619 1147 3676 att
1133 3612 1256 3677 tendite
1278 3613 1318 3676 ad

154 3699 332 3778 Abraham,
356 3705 481 3784 4444444
504 3705 660 3765 vestrum:
685 3718 819 3780 aequum
842 3707 900 3779 est,
926 3718 1000 3780 444,
1016 3702 1070 3781 qui
1086 3700 1247 3764 irumediat
1234 3707 1265 3764 44
1278 3702 1318 3764 ab

156 3787 345 3868 apostoliea
366 3778 448 3852 Sede
471 3785 574 3865 iidem,
599 3787 819 3866 sacerdotium,
844 3805 1012 3868 veramque
1027 3787 1212 3870 religionem
1228 3805 1318 3852 acce-

156 3877 280 3956 pimus,
311 3874 415 3938 eidem
441 3874 512 3955 plus
535 3881 586 3938 cet
588 3876 649 3939 eris
673 3876 789 3939 amoris
813 3880 845 3939 44
831 3875 1088 3939 tobservantiae
1110 3876 1240 3939 vinculis
1263 3875 1317 3939 ad·

153 3962 284 4042 stringi.
307 3961 601 4026 Fundamentum
587 3962 649 4042 4444
650 3983 691 4025 44
712 3983 806 4026 aerae
829 3967 859 4026 ct
846 3962 1147 4040 tortbodouacfidei
1155 3963 1316 4041 ponimns,

156 4049 246 4129 quod
268 4049 428 4113 Dominus
449 4055 557 4113 noster
578 4049 677 4114 Jesns
690 4047 837 4115 Christus
844 4049 1317 4130 poucreootuitiuconcussmu,

157 4135 283 4200 scilicet
309 4135 402 4199 Petri
430 4136 632 4213 cathedram,
667 4137 763 4202 totius
796 4136 883 4200 orbis
909 4136 1098 4219 magistram
1124 4142 1155 4200 et
1175 4143 1316 4214 matrem,

158 4222 196 4288 S.
230 4221 412 4288 Romanam
440 4223 628 4288 Ecclesiam.
685 4223 848 4306 Quidquid
878 4223 918 4287 ab
943 4224 1014 4302 ipsa
1036 4223 1131 4287 semet
1154 4224 1318 4304 definitum

153 4315 217 4386 est,
242 4329 278 4376 co
299 4311 371 4392 ipso
392 4316 500 4374 ratum
522 4316 551 4375 ct
574 4316 692 4376 certum
715 4317 872 4388 tenemus,
894 4311 992 4391 ipsius
1016 4309 1212 4388 traditiones,
1228 4313 1317 4386 ritus,
