2946 4942
496 364 503 378 .
554 331 593 376 nu
616 329 712 377 nunus
735 329 923 378 bonuarios.
1273 318 1315 379 99

157 468 304 533 ditatum.
352 468 473 535 Floruit
496 468 603 534 schola
624 469 703 535 haee
733 467 947 551 sangallensis
974 469 1131 534 recentior
1155 470 1317 550 usquead

153 574 275 621 annum
300 560 392 637 1856,
416 574 479 637 quo
501 556 631 621 taudem
652 557 759 637 iniquo
783 559 815 618 et
836 554 973 620 violento
997 562 1071 622 actu
1093 574 1262 638 suppressa
1284 562 1317 622 et

156 643 190 707 iu
211 643 346 707 mixtam
369 661 519 709 conversa
541 641 610 708 fuit.
638 643 719 708 Nam
740 649 884 724 tempore
906 646 1015 708 nostro
1036 662 1095 708 neo
1116 642 1315 710 fundationes

156 748 215 796 nee
241 731 325 813 juris
355 729 441 795 tituli
475 735 507 796 et
539 729 727 795 documenta
749 734 861 795 contra
883 748 997 795 novum
1017 730 1069 811 jus
1091 730 1260 797 violentiae
1282 736 1316 796 et

155 817 283 898 iniquae
306 818 496 902 majoritatis
519 817 653 899 amplius
670 816 793 881 valent.
817 817 853 880 ln
877 817 1005 882 consilio
1022 816 1189 883 Cautonali
1204 819 1316 902 majori

157 906 332 970 rotantium
362 923 492 970 numero
515 903 688 985 Collegium
717 903 797 969 illud
820 902 1001 970 Catholicae
1034 902 1227 973 fundationis
1255 904 1316 971 fuit

154 1006 371 1074 suppressum,
396 989 559 1057 Catholico
581 991 698 1074 populo
721 990 916 1072 subreptum,
940 992 972 1056 in
989 991 1161 1074 Collegium
1185 994 1314 1057 mixtum

158 1084 386 1144 commutatum
408 1078 458 1145 vel
475 1083 511 1143 ut
527 1078 643 1144 clarius
660 1078 761 1144 dicam
773 1079 869 1158 porti
884 1076 1137 1144 Protestantiam
1150 1080 1314 1145 traditum.

157 1164 228 1231 Non
264 1164 392 1232 defuere
423 1167 613 1231 monitiones
636 1164 786 1248 Episcopi
809 1165 1008 1247 universique
1031 1164 1129 1245 Cleri,
1152 1184 1211 1232 nec
1233 1167 1315 1250 peti·

156 1252 260 1318 tiones
283 1251 527 1333 Cathohoorum,
551 1270 720 1335 eorumque
744 1252 883 1317 lamenta
906 1253 947 1317 ad
975 1253 1198 1319 auctoritatem
1219 1255 1315 1337 legis·

156 1339 305 1407 latonam
337 1341 473 1420 directa,
497 1341 663 1422 quominus
685 1340 826 1421 iniquum
848 1338 908 1404 hoe
929 1338 1050 1406 facinus
1073 1342 1315 1420 committerent,

155 1428 213 1492 sed
241 1445 305 1492 nou
335 1428 481 1493 obstante
512 1427 646 1492 solemni
668 1425 901 1493 Catholieorum
923 1429 1152 1508 protestatione
1173 1428 1316 1511 iniquum

158 1516 329 1581 Decretum
352 1521 499 1596 coeptum
521 1513 581 1579 fuit
603 1520 635 1579 et
659 1514 837 1580 executioni
860 1516 1069 1580 commissum.
1094 1515 1144 1579 Ad
1166 1516 1315 1597 obtegen-

102 1633 106 1636 ·
156 1602 232 1667 dum
255 1600 358 1667 malae
380 1602 622 1667 machinationis
645 1599 739 1667 finem
761 1599 953 1666 fraudulenti
968 1608 1136 1667 novatores
1152 1599 1315 1685 fingebant

157 1692 190 1754 et
223 1690 405 1756 etiamnunc
435 1707 578 1754 asserere
606 1688 726 1767 solent,
757 1689 920 1754 seientiam
948 1691 1074 1770 proprie
1108 1689 1224 1754 dietum
1257 1707 1315 1755 nec

158 1774 353 1842 Catholicam
375 1795 434 1843 nee
457 1776 692 1842 Protestantem
715 1793 793 1854 esse,
817 1770 874 1841 sed
896 1781 1030 1856 utraque
1060 1774 1134 1840 fidei
1162 1776 1220 1842 hac
1242 1795 1315 1858 pro·

149 1862 293 1947 ¹feaaione
315 1865 523 1946 superiorem:
547 1862 717 1928 Mathesim
733 1869 765 1928 et
779 1861 956 1945 linguarum
972 1862 1110 1927 studium
1126 1881 1183 1945 pro
1200 1862 1315 1930 Catho-

157 1950 225 2016 licis
255 1957 289 2016 et
310 1951 566 2017 Protestantibus
600 1949 661 2018 sibi
683 1950 816 2015 similem
839 1955 874 2015 et
895 1968 1017 2031 parem,
1041 1959 1138 2032 atque
1161 1950 1316 2017 factorum

158 2039 189 2103 in
211 2037 355 2105 Historia
388 2040 602 2104 narrationem
631 2038 756 2119 utrique
789 2038 873 2119 parti
907 2055 975 2102 esse
1009 2037 1159 2119 eandem,
1182 2037 1316 2120 ideoque

157 2124 312 2206 sufficere,
335 2131 371 2191 ut
392 2126 524 2192 noachi
545 2125 713 2208 religionis
735 2124 882 2189 doctrino
904 2124 1064 2206 discipulis
1087 2143 1144 2207 pro
1166 2129 1316 2207 separata

157 2229 268 2279 eorum
299 2210 375 2279 fidei
402 2212 596 2295 professione
626 2211 758 2277 seorsim
788 2217 822 2276 et
848 2212 1016 2294 sejunctim
1049 2214 1207 2278 tradatur.
1253 2210 1316 2277 Sed

157 2299 235 2381 quid
256 2298 297 2367 de
320 2300 475 2383 ejusmodi
496 2298 749 2365 cavillationibus
768 2297 973 2380 judicandum
997 2298 1088 2364 facile
1111 2299 1315 2382 dignoscitur.

157 2384 275 2453 Omnes
304 2406 438 2469 namque
461 2386 654 2468 experientia
688 2386 790 2452 edocti
820 2404 944 2465 sumus,
983 2405 1108 2451 omnem
1141 2388 1316 2468 scientiam,

157 2492 373 2557 quaecumque
405 2475 461 2554 sit,
492 2475 534 2540 ab
555 2472 734 2538 hominibus
756 2490 888 2538 erronea
910 2473 1052 2538 doctrina
1074 2475 1172 2539 semel
1192 2472 1317 2539 infectis

157 2562 197 2627 ad
231 2562 459 2645 expugnandas
490 2561 564 2626 fidei
586 2559 768 2626 Catholicae
802 2562 955 2625 veritates
978 2564 1117 2641 perverti
1139 2578 1253 2642 posse,
1278 2579 1316 2626 ac

158 2648 342 2732 saepissime
358 2650 391 2714 in
406 2647 607 2714 manifestam
618 2648 768 2728 juvenum
785 2647 1008 2730 discipulorum
1023 2649 1192 2729 perniciem
1204 2666 1318 2730 reapse

159 2737 308 2817 perverti.
340 2735 492 2802 Novimus
514 2737 595 2816 dein,
619 2740 740 2818 quanta
763 2736 861 2817 pestis
884 2736 1054 2816 spiritualis
1077 2736 1128 2800 vel
1151 2736 1191 2801 ab
1207 2734 1318 2800 Hiato-
1417 2790 1430 2809 Ι,

159 2824 229 2889 riae
252 2822 430 2904 disciplina
452 2825 484 2888 in
507 2830 631 2889 mentes
654 2823 813 2888 hominum
837 2822 987 2902 dimanet,
1011 2823 1066 2887 ubi
1088 2821 1209 2902 fraude,
1234 2822 1317 2903 dolo,

159 2910 324 2977 mendacio
347 2909 685 2993 Historiographorum
707 2911 826 2976 violata
848 2908 953 2975 fuerit.
1004 2909 1091 2975 Tune
1113 2911 1231 2977 etenim
1254 2929 1318 2975 non

158 2997 378 3064 admirabilem
400 3002 575 3080 temporum
598 2998 843 3079 ordinationem,
873 3016 968 3079 quarn
991 2998 1098 3062 divina
1119 2997 1318 3078 providentia

159 3084 189 3151 iu
223 3084 369 3166 Christo,
407 3086 496 3166 quasi
519 3087 551 3149 in
574 3083 689 3150 Centro
713 3084 908 3151 saeculorum
941 3085 1111 3166 disposuit,
1142 3085 1319 3151 enuntiabit

159 3170 302 3252 historia,
326 3172 383 3237 sed
406 3170 571 3238 confusam
586 3173 774 3254 impiamque
790 3190 896 3237 rerum
910 3171 1127 3253 factorumque
1142 3172 1318 3252 congeriem

158 3260 283 3340 providi
305 3259 366 3325 Dei
389 3258 613 3324 moderaminis
635 3277 764 3341 prorsus
787 3264 960 3340 expertem
983 3278 1047 3325 nou
1069 3259 1318 3324 luculentissima

157 3344 325 3415 Ecclesiae
348 3345 533 3412 Catholicae
556 3345 674 3411 lumina
697 3353 730 3411 et
752 3347 874 3426 merita,
891 3347 949 3413 sed
964 3344 1069 3412 fictam
1085 3365 1105 3411 a
1119 3346 1318 3428 nequissimis

156 3435 344 3501 auctoribus
382 3434 589 3516 ignominiam
626 3434 694 3515 ejus
728 3440 761 3498 et
795 3435 1057 3500 obtrectationem
1095 3432 1316 3501 manifestabit.

156 3521 318 3589 Catholici
346 3521 480 3604 juvenes
507 3520 661 3602 ejusmodi
693 3522 902 3586 detractiones
936 3530 1048 3587 contra
1075 3521 1258 3602 religionem
1286 3527 1319 3586 et

151 3604 338 3676 Ecclesiam
361 3608 546 3674 catholicam
568 3609 728 3758 propectas
750 3607 812 3673 levi
835 3615 940 3672 mente
962 3608 1153 3688 suscipiunt,
1178 3627 1197 3672 a
1219 3608 1317 3689 magi·

151 3698 235 3762 stris
272 3695 464 3761 Acatholicis
498 3696 531 3758 in
566 3713 600 3760 re
643 3696 787 3760 itteraria
820 3696 1005 3776 edocentur,
1040 3698 1070 3759 in
1102 3696 1319 3760 commuuione

148 3783 346 3866 quotidiana
369 3801 438 3847 eum
461 3783 566 3864 pueris
590 3782 781 3848 acatholicis
804 3779 1039 3861 conversantur,
1063 3801 1169 3847 aerem
1190 3782 1240 3847 vel
1262 3783 1321 3846 im·

148 3872 279 3949 pietate
313 3869 364 3934 vel
398 3871 557 3935 erroribus
590 3876 771 3951 corruptum
797 3871 918 3953 jugiter
947 3872 1105 3952 respirant
1138 3877 1233 3951 atque
1260 3871 1319 3934 sub

145 3959 311 4024 contiuuo
334 3958 555 4039 adjunctorum
570 3957 684 4022 horum
705 3955 824 4022 influxu
847 3956 913 4022 fieri
937 3977 1065 4023 necesse
1080 3965 1137 4035 est,
1153 3963 1188 4020 ut
1203 3958 1320 4021 sensim

144 4041 192 4109 in
224 4043 288 4125 fide
312 4043 476 4110 Catholica
506 4052 685 4126 tepescant,
708 4063 831 4109 errores
854 4046 1043 4125 pedetentim
1067 4046 1248 4126 suscipiant,
1272 4045 1319 4108 in-

148 4129 401 4212 differentismo,
434 4134 572 4214 quinimo
606 4133 760 4214 impietati
789 4137 821 4196 et
852 4150 972 4196 morum
1003 4134 1097 4196 etiam
1122 4133 1319 4213 corruptelae

95 4237 118 4280 ι
153 4220 382 4286 succumbant.
434 4219 479 4284 Et
511 4220 571 4285 hoo
604 4220 819 4285 tristissimum
848 4222 1066 4302 praesagium,
1098 4219 1178 4302 proh
1211 4220 1319 4285 dolor!

153 4319 257 4372 verus
294 4325 402 4373 rerum
433 4315 564 4373 eventus
595 4305 743 4374 affirmat.
800 4308 928 4373 Exactis
957 4326 1091 4389 namque
1122 4309 1156 4372 in
1179 4305 1318 4389 Collegio

1178 4413 1209 4464 7*
