2946 4942
556 1215 719 1287 SECTIO
747 1217 908 1287 PRIMA.

151 1417 501 1520 senonim
528 1417 1110 1539 oonsmmmronon,
1138 1421 1311 1555 quan

140 1588 143 1591 ·
263 1592 638 1691 1111111111
670 1594 758 1691 nn
790 1593 1198 1696 susurrans

606 1941 636 2022 1.
676 1939 863 2023 scithim

153 2097 501 2166 CONSTITUTIONIS
529 2099 585 2163 DE
608 2097 906 2165 REGULARIBUS
935 2100 1108 2164 PATRUM
1130 2101 1312 2166 EXAMINI

595 2203 873 2270 PROPOSlTUM.

257 2343 435 2408 Dolendum
450 2342 652 2407 vehementer
675 2350 734 2422 est,
760 2343 914 2409 malorum
930 2345 1128 2424 quomudam
1151 2344 1312 2410 hominum

149 2431 325 2514 nequitiam
356 2449 394 2496 eo
417 2431 617 2511 processisse,
653 2437 689 2494 ut
712 2429 886 2511 Rehgiosos
922 2431 1047 2496 ordines
1077 2438 1239 2514 tamquam
1261 2434 1312 2498 In·
1380 2436 1383 2441 ‘

150 2519 334 2584 stitutiones
352 2519 418 2600 jam
441 2517 634 2582 inveteratas
660 2523 693 2581 et
716 2517 881 2598 obsoletas,
913 2525 1084 2600 nostroque
1107 2538 1185 2584 aevo
1210 2522 1312 2585 uenti-

149 2625 246 2687 quam
275 2604 537 2684 accommodatas,
569 2605 626 2670 sed
651 2605 755 2686 potius
785 2607 893 2669 noxias
926 2612 1043 2670 temere
1074 2608 1311 2685 renunciarent;
1360 2634 1362 2638 >

149 2692 283 2775 perinde
310 2710 348 2757 ac
370 2693 398 2757 si
420 2691 613 2774 Evangelica
637 2690 775 2756 Consilia
803 2711 823 2756 a
846 2691 973 2759 Christo
996 2692 1129 2759 Domino
1159 2694 1200 2759 ad
1227 2712 1313 2758 assc-

149 2781 311 2862 quendam
339 2778 563 2860 perfectionem
585 2779 714 2858 tradita,
747 2779 935 2861 quandoque
958 2785 1064 2845 essent
1094 2781 1237 2847 societati
1259 2781 1312 2846 ob-

151 2867 277 2934 lutura:
320 2866 464 2948 quodque
499 2867 638 2931 deterius
673 2872 732 2946 est,
773 2867 806 2931 hi
840 2885 1001 2948 nunquam
1040 2869 1187 2933 desinunt
1221 2869 1312 2933 maHs

151 2955 330 3036 quibusque
360 2954 481 3018 artibus
515 2955 547 3018 in
578 2956 662 3034 ipsos
694 2954 829 3019 Ordines
861 2959 1074 3035 contemptum
1106 2956 1241 3020 excitare
1276 2974 1312 3020 ac

152 3044 268 3121 fovere,
292 3060 353 3123 quo
376 3039 498 3106 facilius
522 3041 647 3105 valeant
669 3042 711 3105 ad
734 3060 844 3105 eorum
868 3040 1113 3106 destructionem
1137 3043 1311 3123 pervenire.

152 3129 233 3194 Hinc
255 3129 328 3208 Nos,
353 3145 442 3192 sacro
465 3127 662 3210 approbante
678 3126 826 3206 Concilio,
850 3125 947 3192 falsas
971 3146 1009 3193 ac
1028 3129 1182 3210 malignas
1203 3129 1312 3210 hujus-

153 3216 237 3281 modi
268 3216 496 3280 insinuationes
530 3223 679 3296 artesque
708 3215 923 3297 reprobantes,
959 3213 1068 3281 fideles
1092 3234 1199 3281 omnes
1223 3218 1314 3282 enixe

152 3303 185 3366 in
211 3303 344 3368 Domino
368 3302 578 3381 exhortamur,
611 3309 732 3367 utnon
755 3301 848 3368 modo
872 3302 990 3367 tahbus
1012 3303 1127 3369 abduci
1149 3323 1212 3369 non
1233 3306 1314 3384 pati·

152 3395 248 3454 antur
264 3390 415 3455 doctrinis
431 3396 527 3471 atque
543 3389 708 3471 exemplis3
731 3409 840 3454 verum
856 3391 951 3455 etiam
967 3397 1003 3455 ut
1018 3392 1173 3473 religiosis
1188 3391 1314 3455 lamihis

153 3483 321 3559 tantopere
344 3478 382 3541 de
406 3476 547 3541 Ecclesia
570 3484 603 3541 et
632 3478 670 3542 de
693 3476 777 3541 civili
799 3477 950 3548 societate
972 3477 1181 3556 benemeritis
1206 3479 1313 3544 existi·

153 3564 311 3644 motionis
335 3565 565 3629 devotionis‘et
587 3565 704 3629 amoris
727 3565 818 3646 signa
840 3568 1024 3629 constanter
1046 3565 1221 3631 exhibeant.

258 3653 392 3734 Insuper
421 3651 622 3716 inhaerentes
651 3652 792 3732 vestigiis
815 3651 1004 3718 Nostrorum
1028 3652 1309 3718 Praedecessorum

154 3739 298 3803 omnibus
319 3738 514 3803 inculcamus
529 3738 739 3803 Ecclesiamm
756 3739 921 3820 Praelatis,
945 3747 981 3804 ut
996 3739 1121 3804 easdem
1137 3738 1313 3822 Rehgiosas

153 3824 291 3890 famihas
321 3825 473 3890 benevolo
504 3825 638 3907 diligant
661 3824 784 3905 affectu,
820 3831 955 3907 patema
986 3826 1143 3892 charitate
1164 3831 1311 3906 tractent,

152 3913 254 3977 modis
278 3914 423 3978 omnibus
448 3913 609 3997 adjuvent,
632 3912 761 3978 foveant
784 3932 820 3976 ac
842 3918 1007 3978 tueantur:
1040 3932 1193 3994 omneque
1215 3915 1313 3995 potis-

154 4002 269 4064 simum
292 4000 431 4066 studium
452 3999 617 4065 conferant
639 4000 680 4064 ad
694 4020 803 4064 veram
818 4002 995 4066 animorum
1018 4002 1214 4065 concordiam
1230 4001 1314 4066 inter

154 4087 281 4152 Olerum
317 4087 509 4152 saecularem
548 4093 581 4152 11
614 4088 791 4168 regularem
829 4088 928 4167 magis
963 4087 1243 4162 constabiliendam
1276 4108 1314 4153 ac

151 4175 354 4254 servandam,
389 4179 425 4238 ut
448 4176 623 4240 arctissimo
654 4176 738 4239 inter
760 4192 794 4238 sc
823 4174 996 4261 charitatis⁴
1011 4174 1135 4240 vinculo
1158 4175 1313 4252 obstricti,

150 4262 333 4345 conjunctis
371 4262 488 4326 viribus
526 4281 638 4344 agrum
678 4261 867 4326 dominicum
908 4261 1059 4342 excolere,
1102 4269 1135 4327 et
1168 4263 1314 4344 praeliari
