2946 4942
152 308 193 378 36
422 330 542 380 acuunt
565 316 808 380 andanumtais
831 313 1022 382 6666661666

256 469 447 551 6616616
470 468 1147 552 6166166666166666166611616661666666
1171 473 1240 539 sine
1264 473 1312 539 di·

151 560 226 624 6166
254 569 312 639 per
323 553 454 623 lesum
484 523 591 623 0166161
591 574 644 622 um
683 563 753 639 grat
755 558 787 624 ia
740 552 962 625 taufficere
996 560 1037 624 ad
1067 560 1192 642 aliquod
1230 563 1314 627 out

151 647 278 723 bonum,
302 645 386 725 quod
409 645 625 728 adjustitiam
650 646 851 712 christianam
886 648 918 712 66
904 646 984 712 6661
971 651 1037 712 tam
1061 572 1317 714 secernendo-

121 799 122 803 ,
151 737 268 815 66666;
291 733 458 798 anathema
478 735 530 800 616

259 824 288 884 6.
324 819 357 886 Si
380 821 452 902 quis
477 821 657 900 dixerint
625 827 657 886 6
658 838 718 885 ram
733 827 806 924 post
821 828 955 887 mortem
971 782 1152 888 hominem
1139 828 1208 905 Just
1194 818 1316 889 61616661

152 911 258 990 66666
282 913 338 973 666
360 918 479 990 poenas
502 908 764 973 damnatorum
755 929 786 975 1n
816 909 961 991 gehenna
990 916 1103 992 perpet
1104 928 1161 975 uas
1184 909 1314 977 futuras

151 1000 223 1060 6666
243 996 426 1077 negaverim
450 995 685 1061 anathemat
640 996 694 1061 nit.

258 1083 370 1164 ltaque
386 1085 525 1164 supremi
540 1084 707 1164 pastoralis
720 1083 828 1149 Nostri
844 1082 935 1150 olficii
951 1086 1091 1149 debitum
1103 1088 1319 1166 exsequentes

153 1181 261 1237 omnes
291 1168 410 1235 Christi
443 1169 550 1236 lideles
586 1176 617 1235 66
653 1172 803 1251 maxime,
842 1173 897 1253 qui
925 1177 1080 1256 praesunt
1102 1171 1154 1238 661
1177 1172 1315 1238 docendi

153 1269 284 1324 munere
306 1257 488 1341 iunguntur,
513 1259 707 1340 perviscera
730 1258 808 1324 Jesu
824 1258 942 1324 Christi
965 1260 1168 1341 obtestamur,
1188 1276 1315 1325 necnon

153 1347 293 1430 ejusdem
328 1346 386 1411 Dei
420 1352 453 1410 66
476 1345 648 1412 salvatoris
681 1348 781 1411 nostri
816 1349 1005 1412 auctoritate
1025 1347 1183 1430 jubemus,
1208 1353 1245 1412 66
1270 1344 1318 1412 ad.

153 1434 211 1499 1666
233 1442 356 1498 errores
380 1451 398 1498 6
418 1439 532 1499 666666
555 1433 694 1498 Ecclesia
717 1434 923 1499 eliminandos
953 1441 985 1499 et
1014 1435 1203 1516 purissimae
1237 1433 1313 1500 fidei

153 1520 256 1586 lucem
278 1520 480 1604 pandendam
504 1522 643 1586 studium
667 1527 699 1585 66
722 1536 852 1602 operam
876 1521 1047 1588 conferant.

260 1607 412 1685 Quoniam
447 1627 520 1673 vero
544 1610 622 1674 satis
644 1627 705 1673 non
729 1608 925 1688 est,thaere
927 1611 1023 1674 ticam
1045 1610 1235 1712 pravitatem
1257 1609 1317 1674 de·

153 1697 262 1776 611666,
284 1697 387 1760 6161“
367 1716 390 1760 u
412 1714 535 1777 quoque
558 1713 681 1777 errores
705 1696 835 1778 diligent
836 1715 871 1762 er
892 1696 1064 1780 fugiantur,
1082 1697 1136 1778 qui
1159 1697 1200 1762 ad
1222 1696 1312 1762 illam

154 1784 226 1867 plus
248 1783 827 1862 61666666666666666666661116ἱί
860 1796 1038 1865 66666666,
1062 1785 1208 1850 seruandi
1231 1780 1316 1850 6166

154 1864 401 1936 stltntlonest
368 1877 401 1936 et
431 1873 577 1950 Demea,
609 1871 722 1953 quibus
756 1882 874 1953 pravae
905 1837 1057 1953 ejusmodi
1087 1873 1247 1954 opiniones
1272 1870 1319 1938 ab

154 1958 215 2024 hac
237 1959 268 2024 S
293 1957 373 2024 Sede
395 1960 591 2040 proscriptae
614 1965 647 2023 et
668 1959 845 2040 prohibitae
869 1967 951 2025 6666

244 2436 279 2530 2.
304 2430 492 2530 3011111161
519 2429 894 2530 dodslludtlollld
922 2446 1217 2530 adductionis

222 2589 337 2655 DE
371 2587 813 2653 EocLEslA
851 2585 1237 2655 OHR1ST1.
1294 2581 1296 2585 ’

521 2776 644 2872 PIUS
673 2776 954 2872 amaedeus

403 2915 615 2974 SERVUS
633 2916 942 2972 SERVORUM
960 2918 1069 2982 DEI,

232 3059 329 3110 SAORO
352 3059 549 3108 aecedentes
571 3059 712 3109 concreto
737 3060 769 3106 111
793 3059 969 3107 ΡΕΒΡΕΤΠΔΜ
992 3060 1044 3106 REI
1067 3057 1237 3109 naucum!

264 3208 409 3298 Supremi
441 3219 580 3298 pastoris
608 3216 817 3300 apostolicum
852 3217 1078 3297 ministerium,
1114 3217 1231 3298 inquo
1255 3214 1324 3281 Dei

158 3286 309 3382 ineflabili
360 3304 538 3371 revidentia
569 3310 603 3370 66
625 3304 840 3383 misericordia
861 3303 1256 3387 6661666666661116166
1279 3315 1318 3368 ae

159 3376 308 3457 continno
332 3324 396 3458 isos
419 3399 521 3473 urget,
545 3399 581 3456 66
604 3391 683 3456 nihil
703 3410 782 3473 prae
783 3392 1011 3471 termittamus,
1047 3404 1108 3474 quo
1131 3392 1199 3470 616,
1234 3404 1319 3472 quae

159 3475 202 3545 ad
222 3479 320 3546 vitam
343 3484 376 3544 66
398 3479 532 3545 salutern
556 3480 643 3545 ducit
658 3497 696 3544 66
697 3481 829 3559 ternam,
846 3480 990 3545 omnibus
1005 3477 1184 3545 hominibus
1196 3482 1323 3562 panca

159 3564 192 3633 et
159 3567 275 3669 equi
308 3568 340 3632 in
369 3568 508 3634 tenebris
541 3573 574 3632 66
607 3566 641 3631 16
663 3566 777 3632 umbra
799 3567 911 3632 mortis
932 3567 1067 3646 sedent,
1092 3568 1132 3632 61
1156 3566 1260 3631 lucem
1284 3571 1324 3631 66

159 3652 353 3756 agnitionem
375 3655 517 3720 venans
539 3654 735 3736 perveniant.
782 3636 861 3719 Cum
884 3655 982 3736 igitur
1004 3654 1090 3719 Deus
1114 3672 1152 3720 ac
1164 3652 1315 3719 Salvator

181 3740 268 3809 oster
289 3742 387 3808 totius
403 3741 585 3808 salutiferae
596 3741 759 3808 doctrinae
770 3742 886 3806 veruta
887 3758 946 3820 ern,
971 3742 1190 3807 etmediorum
1205 3734 1325 3806 salutis

158 3833 326 3896 tesauros
349 3829 382 3894 in
405 3828 580 3895 Ecclesiam
602 3847 693 3894 suam
719 3828 809 3910 quasi
832 3828 864 3892 in
887 3827 1111 3981 depositorium
1134 3828 1220 3894 (11666
1243 3845 1324 3894 uon·

158 3901 278 3998 tulerit,
303 3923 338 3981 66
361 3933 469 3982 omnes
492 3925 617 3982 sumant
639 3935 678 3981 ex
700 3934 738 3980 66
760 3921 870 3996 potum
893 3917 938 3981 616
939 3935 996 3982 ae:
1005 3917 1067 4000 1)
1058 3935 1091 3981 rn
1113 3915 1224 3999 primis
1246 3915 1322 3996 ipsc

160 4022 236 4070 vera
258 4002 405 4071 Ecclesia
440 4009 472 4070 et
507 4005 688 4071 errantibus
721 4003 891 4069 indicanda
919 4009 952 4071 et
979 4002 1126 4069 fidelibus
1148 4002 1326 4068 1666666166

161 4092 407 4158 commendanda
429 4097 486 4174 666,
508 4096 546 4156 66
566 4090 613 4156 1111
634 4092 675 4156 ad
697 4091 780 4156 viam
804 4091 916 4157 6616666
939 4091 1145 4171 adducantur,
1161 4089 1265 4155 1616666
1266 4108 1327 4156 em.

267 4341 389 4422 110111.
407 4342 480 4407 1166.
498 4346 557 4406 rut.
573 4343 652 4408 111666.
669 4340 689 4406 1.
706 4350 758 4406 ill.
777 4344 844 4409 61.
