2946 4942
148 310 215 368 222
645 320 814 367 rosnunnrn

152 462 236 538 Quin
257 462 320 524 imo
346 460 543 524 consociatur
566 460 661 524 etiam
688 463 796 524 sancto
820 459 1027 530 Oecumenico
1050 458 1207 524 Vaticano
1231 455 1310 522 Con-

147 549 233 614 cilio.
284 548 350 628 Ipsi
382 547 464 610 enirn
497 545 589 610 adest
620 551 652 611 et
676 564 732 610 sua
762 546 921 624 doctrina,
954 552 1116 626 tamquam
1151 544 1240 610 fonte
1271 545 1310 609 ad

153 635 320 701 hodiernos
354 650 475 698 errores
508 633 727 712 debellandos,
762 640 794 697 et
823 650 879 698 suo
911 633 1051 697 lenitatis
1085 633 1310 712 charitatisque

154 723 279 803 spiritu,
311 725 344 785 et
365 721 430 785 suis
453 738 572 784 morum
596 720 727 800 regulis,
760 738 842 800 quae
864 723 957 784 tanta
979 725 1053 785 sunt
1074 721 1246 800 sapientia,
1276 723 1310 783 ut

152 815 288 874 centena
321 812 354 872 et
384 814 517 873 centena
553 815 757 871 numerentur
794 808 912 888 scripta
945 807 1058 888 quibus
1097 806 1183 871 haud
1222 807 1310 888 parvi

151 897 286 960 nominis
310 899 453 959 auctores
476 894 620 959 omnibus
642 912 697 959 eas
721 893 857 959 statibus
879 899 912 958 et
935 894 1167 961 conditionibus
1189 912 1309 959 accum-

154 984 282 1048 modare
304 982 511 1062 susceperint.

259 1069 372 1147 Quare,
400 1067 586 1132 Beatissime
608 1067 714 1144 Pater,
746 1067 952 1132 Sanctitatem
975 1067 1124 1133 Vestram
1148 1069 1310 1133 instantis·

153 1159 232 1222 sime
255 1173 380 1222 oramus
403 1161 437 1219 et
459 1156 713 1220 obtestamur'ut
734 1155 817 1218 inter
831 1155 984 1219 Doctores
1007 1155 1040 1219 in
1062 1155 1218 1234 Ecclesia,
1242 1173 1311 1221 curn

149 1244 255 1309 officio
279 1247 312 1308 et
326 1243 423 1307 missa
438 1242 631 1324 congruenti,
655 1240 791 1306 Oraculo
807 1240 870 1306 Suo
886 1241 1050 1324 Supremo,
1074 1242 1105 1309 S.
1122 1243 1312 1308 Franciscns

153 1330 292 1396 Salesius
316 1331 550 1394 adnumeretur.
604 1327 665 1405 Qui
687 1328 787 1392 bonor
817 1346 878 1392 non
902 1329 969 1393 sine
999 1330 1153 1411 singulari
1185 1329 1312 1395 divinae

154 1418 369 1500 providentiae
399 1417 540 1495 consilio,
570 1421 711 1496 ternpore
745 1413 877 1479 Concilii
899 1413 1101 1482 Oecnmenici
1124 1417 1273 1482 Vaticani
1294 1435 1313 1481 a

154 1505 330 1569 Sanctitate
352 1503 476 1583 Vestra,
501 1500 631 1567 Concilii
653 1502 790 1567 Auctore
819 1507 852 1567 et
873 1502 1033 1583 Praeside‚
1056 1504 1246 1569 tribuendus
1268 1503 1313 1568 illi

151 1598 308 1673 superest¹
353 1588 444 1666 Quod
470 1590 553 1654 eninr
576 1589 617 1653 ad
646 1593 766 1653 tantam
796 1588 958 1654 Ecclesiae
988 1589 1120 1671 gloriam
1149 1591 1261 1657 docuit
1283 1596 1314 1656 et

154 1678 228 1743 fecit
262 1679 296 1742 in
327 1682 375 1741 tot
397 1677 565 1742 haereticis
599 1676 641 1741 ad
663 1674 743 1741 ovile
775 1677 940 1756 revocatis,
974 1683 1007 1742 et
1036 1678 1070 1742 in
1102 1678 1246 1743 moribus
1277 1697 1313 1744 ac

156 1765 321 1846 disciplina
352 1764 570 1840 restituendis,
604 1763 663 1827 boc
686 1763 881 1844 potissimum
910 1765 944 1827 in
976 1761 1105 1830 Concilii
1135 1765 1313 1831 Tridentini

152 1854 293 1918 decretis
315 1852 431 1917 hausit.
482 1850 525 1915 Et
554 1869 624 1914 curn
646 1850 725 1914 haec
747 1852 860 1915 eadem
893 1851 1000 1916 omnia
1030 1852 1062 1916 in
1086 1849 1228 1917 Concilio
1252 1853 1313 1917 Va-

155 1941 260 2004 ticano
293 1937 451 2002 Sanctitas
475 1937 591 2002 Vestra
623 1939 831 2002 restaurando
865 1937 930 2002 Sibi
963 1942 995 2002 et
1025 1939 1116 2004 nobis
1149 1945 1313 2020 proponat,

151 2039 190 2090 et
222 2027 255 2090 in
288 2025 338 2090 bis
371 2031 458 2090 totus
486 2024 662 2103 incumbat,
692 2042 794 2088 novus
823 2024 923 2090 honor
956 2025 1009 2105 qui
1039 2044 1079 2090 ex
1101 2024 1132 2090 S.
1155 2027 1314 2092 Francisci

156 2113 269 2178 Salesii
291 2114 461 2176 sanctitate
484 2117 517 2175 et
539 2111 681 2175 doctrina
704 2111 736 2174 in
760 2109 933 2176 Concilium
955 2111 1176 2177 Tridentinum
1201 2113 1324 2178 redun-'

153 2200 252 2277 davit,
277 2200 340 2262 erit
353 2199 457 2276 etiam,
484 2198 578 2263 titulo
596 2198 741 2262 Doctoris
764 2197 936 2277 Ecclesiae,
959 2199 1164 2264 oriundorum
1182 2219 1221 2265 ex
1237 2199 1312 2266 Con-

154 2286 225 2350 cilio
248 2286 401 2351 Vaticano
425 2285 579 2350 bonorum
602 2285 715 2366 pignus
738 2291 771 2349 et
793 2286 979 2350 benedictio.

629 2523 840 2544 m
874 2515 879 2535 ²

532 2680 584 2815 rs]
631 2694 934 2817 rosrotlrou

189 2891 245 2957 UT
269 2888 472 2957 OPIFICUM
494 2889 693 2992 sociares
722 2891 827 2971 ,bns
851 2891 1266 2959 emendanti-vnnnlm

262 2996 290 3059 A
314 2996 344 3063 S.
369 2994 565 3062 CONClLlO
588 2994 798 3063 VATICANO
821 2997 1052 3063 LAUDETUR
1076 2997 1241 3098 ATQUE'

570 3098 905 3167 COMMENDETUR.

263 3240 351 3305 Inter
373 3241 476 3305 varias
506 3244 574 3322 pias
596 3243 780 3314 societates,
811 3260 892 3321 quae
915 3260 991 3305 aevo
1016 3242 1166 3306 moderno
1191 3247 1313 3307 exortae

42 3349 43 3353 ¹
70 3313 76 3319 ’
153 3326 280 3406 florent,
306 3325 452 3408 opificum
479 3331 615 3394 societas
647 3328 730 3405 ,Der
752 3327 1060 3406 Gesellen·Verein“,
1090 3346 1188 3410 quam
1211 3328 1315 3396 Elber-

158 3413 273 3479 ieldiae
304 3415 338 3478 in
369 3414 603 3480 Archidioecesi
630 3414 810 3480 Coloniensi
837 3433 918 3480 anno
947 3420 1028 3480 1846
1061 3423 1202 3480 erectam
1224 3414 1315 3480 Adol-

158 3502 239 3582 phus
254 3501 392 3584 Kolping
416 3521 444 3582 p.
469 3521 520 3583 m,
543 3508 639 3567 antea
660 3504 726 3583 ipse
750 3502 853 3583 opifex
868 3508 899 3566 et
916 3502 1028 3567 deinde
1053 3503 1093 3567 ad
1109 3503 1316 3569 sacerdotium

159 3598 332 3668 promotus
356 3590 492 3652 maxima
509 3590 671 3658 charitate,
689 3590 858 3669 prudentia
881 3596 913 3653 et
928 3589 1058 3653 solertia
1073 3590 1211 3654 excoluit
1226 3597 1316 3670 atque

159 3677 356 3756 propagavit,
380 3676 572 3756 singularem
602 3676 765 3741 Ecclesiae
795 3675 961 3740 Pastorum
985 3676 1239 3741 benevolentiam
1261 3675 1317 3741 sibi

158 3763 331 3825 vindicavit
364 3769 396 3825 et
425 3781 538 3827 revera
564 3770 712 3827 meretur.
769 3762 851 3826 Nam
882 3763 1072 3844 gravissimis
1105 3765 1139 3826 in
1160 3763 1315 3844 periculis,

160 3849 273 3927 quibus
296 3850 458 3928 praesenti
489 3856 630 3930 tempore
658 3850 799 3930 juniores
832 3849 970 3931 opifices,
1003 3849 1136 3914 sublatis
1162 3851 1232 3931 jam
1255 3869 1316 3915 orn-

159 3936 251 3998 nibus
275 3936 340 4000 iere
370 3936 492 4000 auxiliis
516 3942 549 4000 et
571 3936 693 4013 tutelis,
728 3956 809 4017 quae
834 3955 903 4001 curn
935 3937 1076 4018 pristinis
1099 3937 1247 4018 opificum
1270 3956 1316 4002 or-

160 4021 285 4086 dinibus
319 4027 410 4086 erant
432 4024 633 4105 conjunctae,
665 4024 779 4103 ubique
810 4030 966 4087 terrarum
998 4023 1237 4089 circumdantur
1259 4044 1315 4088 non

158 4114 283 4172 tanturn
307 4128 344 4174 ex
366 4116 457 4190 parte
482 4112 590 4174 mundi
612 4111 752 4190 perversi
775 4111 808 4173 in
832 4128 955 4191 genere,
979 4111 1036 4174 sed
1052 4113 1241 4192 praesertim
1264 4128 1316 4194 per

55 4221 62 4226 -
161 4193 232 4257 illas
254 4195 438 4261 falsissimas
466 4199 721 4278 perniciosasque
754 4198 926 4276 doctrinae,
959 4216 1040 4278 quae
1064 4197 1243 4263 Soeialismi
1265 4216 1316 4262 no·

161 4281 243 4343 mine
267 4300 322 4361 per
345 4302 453 4347 omnes
476 4286 541 4347 tere
559 4286 706 4367 Europae
730 4289 836 4365 partes
855 4290 1019 4365 tamquam
1042 4303 1157 4349 novum
1173 4293 1316 4351 terrenae
