2946 4942
156 339 218 400 238
656 351 812 399 scnssmm

155 491 277 573 spiritu,
302 499 335 556 et
357 511 377 557 a
399 493 558 573 primaevo
582 490 728 556 instituto
752 507 824 555 cum
846 508 963 572 magna
986 489 1171 573 disciplinae
1192 465 1344 573 jactura

155 579 350 644 desciscitur.
407 578 490 644 Hinc
513 578 589 643 licet
621 579 661 643 ad
685 579 872 660 gravissima
894 577 1086 644 removenda
1107 577 1203 656 mala,
1239 595 1319 658 quse

156 684 193 730 ex
216 665 396 746 hujusmodi
430 666 602 731 communis
635 666 720 730 vitae
751 663 875 730 delectu
908 670 1107 746 promanant,
1142 662 1317 730 Concilium

153 752 379 831 Tridentinum,
394 752 418 836 1)
455 751 599 817 Clemens
635 752 729 832 Vlll.,
747 752 776 835 ²)
809 751 957 817 Urbanus
992 752 1130 834 V111.,³)
1164 752 1317 817 Innocen-

154 840 218 904 tius
241 839 339 923 XI.,⁴)
363 841 563 906 Innocentius
586 839 700 922 XII.‚⁵)
723 840 839 920 aliique
862 837 1030 904 Pontifices
1053 839 1317 920 praedecessores

155 925 262 992 Nostri
284 926 370 992 illam
393 945 451 1009 pro
473 926 593 992 viribus
616 927 788 991 instaurari
811 926 1002 1004 curaverint,
1027 924 1233 1014 nihilominus
1256 943 1316 992 non

153 1014 270 1095 ubique
301 1033 370 1078 eam
403 1015 522 1079 servari
544 1015 576 1078 in
610 1020 770 1094 comperto
801 1019 858 1079 est.
914 1013 980 1078 Nos
1007 1014 1115 1094 itaqua
1145 1013 1212 1077 rati
1239 1012 1315 1077 nihil

153 1102 254 1184 magis
277 1099 422 1166 conferre
438 1101 480 1166 ad
494 1100 700 1183 Regularium
723 1100 979 1166 reformationem
995 1119 1109 1182 reapse
1131 1117 1314 1181 promoven-

154 1189 234 1270 dam,
270 1206 366 1269 qnam
387 1193 421 1252 ut
445 1189 478 1252 in
511 1189 570 1253 boc
593 1187 800 1254 Sacrosancto
829 1189 1038 1254 oecumenico
1061 1187 1200 1252 Concilio
1235 1187 1315 1254 vitae

154 1275 315 1358 perfectae
337 1277 508 1340 communis
531 1275 680 1355 obligatio
703 1276 898 1358 gravissimis
920 1275 1025 1339 verbis
1049 1274 1260 1340 denuncietur
1280 1293 1314 1341 ac

154 1363 285 1428 solemni
314 1364 477 1428 sanctione
509 1364 678 1443 muniatur,
713 1381 802 1427 sacro
830 1363 1027 1444 approbante
1050 1360 1202 1441 Concilio,
1236 1379 1313 1443 quae

154 1456 328 1532 sequuntur
352 1450 494 1514 districte
516 1452 694 1529 statuimus,
720 1449 926 1531 decernimus,
951 1453 1047 1530 atque
1069 1448 1267 1516 mandamus.

642 1657 779 1723 CAPUT
801 1659 826 1726 Ι.

257 1797 356 1863 Nulla
388 1799 422 1862 in
451 1803 613 1879 posterum
643 1817 726 1864 nova
759 1798 869 1863 domus
899 1798 1046 1879 religiosa
1080 1798 1230 1880 erigatur,
1265 1798 1314 1864 vel

155 1887 250 1949 etiam
274 1885 312 1949 de
341 1887 412 1967 jure
435 1885 485 1950 vel
515 1886 554 1950 de
577 1885 661 1951 iacto
693 1891 816 1950 tanturn
839 1903 1010 1968 suppressa
1037 1886 1229 1953 restituatur
1250 1887 1314 1952 sinc

154 1990 303 2054 expressa
327 1974 504 2038 conditione
527 1991 565 2038 ac
588 1972 657 2053 lege
680 1974 713 2038 iu
735 1979 924 2055 perpetuum
941 1973 1115 2038 servandae
1138 1974 1224 2038 vitae
1247 1976 1314 2054 pcr'·

153 2061 252 2124 fectae
283 2061 466 2145 communia
503 2078 594 2126 secus
630 2063 755 2142 erectio,
793 2059 841 2126 vel
871 2060 1031 2126 restitutio
1062 2061 1154 2125 irrita
1188 2061 1314 2126 omniuo

153 2147 318 2211 habeatur.

259 2234 454 2314 Quicumque
483 2234 517 2297 in
545 2231 686 2298 futurum
715 2233 941 2315 professionem
974 2233 1108 2313 emittet,
1141 2239 1313 2315 praecepto

154 2321 304 2397 servandi
326 2321 424 2386 vitam
446 2320 618 2402 perfectam
642 2339 835 2386 communem
857 2325 1018 2402 teneatur;
1052 2321 1187 2402 ideoque
1209 2320 1240 2385 ei
1262 2322 1314 2402 qui

153 2409 279 2474 admitti
313 2409 354 2472 ad
387 2406 598 2489 profitendum
631 2409 664 2472 in
697 2409 837 2490 quolibet
869 2406 1003 2488 Ordine,
1048 2404 1313 2490 congregatione,

153 2497 312 2561 Societate
333 2501 366 2559 et
380 2496 528 2560 instituto
542 2495 680 2576 regulari
695 2495 913 2577 postulaverit,
936 2496 1121 2577 priusquam
1136 2500 1207 2559 tum
1231 2494 1314 2560 domi

151 2583 333 2665 recipiatur,
366 2587 435 2648 tum
458 2582 568 2647 habitu
598 2582 745 2664 religioso
767 2583 927 2662 induatur,
963 2583 1081 2648 dictum
1108 2587 1313 2664 praeceptum

152 2687 300 2752 expresse
333 2671 548 2749 denuncietur,
582 2671 630 2734 ita
652 2676 688 2735 ut
718 2671 745 2736 si
768 2670 840 2734 huic
869 2688 904 2735 se
933 2670 1086 2752 subjicere
1110 2670 1312 2748 recusaverit,

152 2757 238 2822 nullo
262 2757 356 2822 modo
378 2757 411 2820 in
432 2756 630 2838 Religionem
653 2758 848 2822 admittatur.
884 2756 1024 2834 Quilibet
1046 2761 1153 2822 autem
1176 2757 1312 2822 novitius

152 2846 185 2909 in
208 2850 281 2908 actu
303 2843 507 2924 professionis
528 2848 596 2907 tam
625 2850 771 2910 votorum
795 2843 981 2925 simplicium
1005 2843 1199 2910 solemnibus
1222 2862 1312 2927 prac—

152 2930 386 3012 mittendorum,
402 2948 497 3011 qnam
513 2932 695 2996 eorumdem
709 2936 855 2997 votorum
870 2931 1064 3011 solemnium,
1081 2931 1311 2997 observantiam

152 3017 310 3101 perfectae
341 3019 425 3082 vitae
448 3019 623 3083 communis
653 3018 854 3100 polliceatur:
888 3023 1119 3100 proptereaque
1141 3019 1174 3083 in
1198 3018 1311 3084 aduris

153 3107 249 3172 sionis
272 3124 309 3171 ac
336 3104 539 3187 professionis
571 3107 648 3171 actis
678 3106 846 3187 peculiaris
870 3105 909 3170 de
939 3106 1176 3186 praedictorum
1205 3106 1310 3171 obser·

152 3195 261 3259 varitia
284 3193 446 3258 adnotatio
462 3190 531 3258 fieri
554 3193 683 3258 debeat:
706 3211 802 3275 super
824 3192 938 3274 quibus
954 3193 1099 3258 omnibus
1115 3195 1309 3275 superiorum

152 3281 194 3346 ad
216 3298 294 3362 quos
318 3285 441 3361 spectat
471 3281 664 3346 conscientia
690 3281 831 3362 graviter
857 3285 989 3344 onerata
1012 3285 1191 3359 remaneat,
1227 3298 1264 3345 ac
1285 3279 1310 3344 si

152 3387 190 3433 ea
213 3370 412 3448 exequutioni
434 3367 530 3432 iidem
553 3368 745 3434 demandare
768 3369 924 3446 omittant,
957 3385 993 3432 eo
1016 3367 1084 3447 ipso
1106 3385 1185 3433 voce
1208 3367 1309 3433 activa

152 3460 185 3520 et
205 3455 332 3537 passiva
354 3455 471 3536 privati
495 3456 640 3520 existant.

256 3543 390 3625 Insuper
416 3542 499 3607 infra
530 3561 646 3607 annum
675 3543 714 3607 ab
746 3540 890 3607 absoluto
911 3539 1050 3606 Concilio
1079 3539 1222 3622 perfecta
1248 3539 1310 3603 vita

152 3631 326 3694 communis
342 3630 468 3695 omnino
484 3631 698 3695 constituatur
713 3629 747 3692 in
762 3629 907 3693 domibus
923 3628 1103 3708 novitiatus,
1120 3625 1309 3709 professori,

152 3735 190 3781 ac
213 3717 401 3796 studiorum,
425 3724 580 3798 quatenus
603 3717 696 3782 ineis
719 3717 899 3781 introducta
921 3715 1024 3780 adhuc
1039 3733 1102 3780 non
1125 3715 1307 3797 reperiatur,

150 3803 203 3869 vel
224 3806 321 3868 etiam
342 3804 523 3870 introducta
546 3822 609 3869 uon
631 3808 789 3869 servetur:
814 3803 952 3885 idipsum
975 3804 1007 3868 in
1023 3801 1169 3868 domibus
1192 3799 1258 3880 fiat,
1280 3801 1308 3863 in

150 3891 263 3973 quibus
287 3891 472 3973 Superiores
496 3891 668 3956 Generales
699 3891 749 3956 vel
771 3889 985 3957 Provinciales
1016 3890 1167 3956 resident.
1222 3886 1308 3966 Quod

152 3979 180 4043 si
202 3978 413 4045 Provinciales
436 3979 563 4044 domum
586 3979 732 4060 propriae
761 3978 953 4044 residentiae
974 3995 1038 4043 non
1060 3977 1210 4055 habeant,
1245 3991 1308 4039 eam

152 4120 218 4128 -.—-
242 4123 255 4128 -
262 4123 362 4130 Ν...-

261 4204 281 4267 ¹l
301 4205 373 4258 Seas,
393 4208 434 4263 25.
454 4205 488 4258 de
506 4206 622 4272 regular.
642 4221 701 4272 cap.
722 4208 746 4260 l.
821 4207 841 4269 ²)
862 4203 979 4258 Constit.
999 4202 1121 4268 „Nullus
1140 4201 1278 4253 omni-no.“

258 4275 281 4342 ³)
302 4276 408 4328 Decret.
429 4275 462 4329 de
481 4275 567 4342 regul.
587 4281 675 4342 apost.
695 4282 723 4327 et
742 4274 823 4342 eJect.
900 4274 923 4339 ⁴]
944 4272 1011 4325 Ceam
1029 4289 1087 4325 non
1106 4271 1189 4324 clins.

258 4349 280 4412 ι)
300 4343 409 4397 Decret.
429 4345 512 4412 incip.
533 4343 739 4400 Sanctissimae,
