2946 4942
560 355 599 400 oa
622 353 717 400 assos
740 354 927 404 oouunrrors.
1031 350 1038 360 ’
1278 342 1320 401 67

155 494 197 559 Si
219 493 345 558 unicum
377 499 460 557 esset
482 493 515 556 in
545 493 688 557 omnibus
719 493 865 558 humanis
893 494 1049 558 mentibus
1076 492 1182 560 lumen
1204 495 1320 559 intelli·

159 581 267 664 gibile,
292 582 385 645 unica
409 582 506 644 etiam
529 584 614 644 esset
642 582 674 644 in
697 581 840 644 omnibus
863 581 1040 645 hominibus
1063 583 1205 662 potentia
1227 582 1321 648 iutel-

158 668 299 748 lectiva3
330 669 403 748 quia
426 686 497 732 cum
519 667 626 731 lumen
649 667 847 747 intelligibile
877 667 992 733 debeat
1023 685 1093 733 esse
1114 671 1320 735 intrinsecum

160 756 322 838 potentiae
344 754 564 833 intellectivae,
588 755 695 819 unitas
715 755 875 819 numerica
897 754 1022 819 luminis
1038 757 1144 837 arguit
1167 757 1319 822 unitatem

160 845 355 909 numericam
377 841 586 906 intellectivae
609 841 778 922 potentiae.
815 841 916 905 Unica
938 847 1044 906 autern
1068 844 1208 923 potentia
1230 844 1320 910 intel·

142 930 276 995 v'lectiva
291 949 353 995 non
376 936 484 1012 posset
506 947 576 994 esse
591 930 653 993 uisi
675 928 814 992 infinitus
830 928 888 992 Dei
910 928 1101 993 intellectus:
1125 931 1199 1010 quia
1214 930 1320 996 lumen

161 1017 320 1082 infinitum
335 1017 459 1081 nonnisi
476 1017 516 1080 ad
539 1017 712 1097 potentiam
726 1013 881 1080 infinitam
896 1017 1054 1096 pertinere
1069 1023 1184 1098 potest.
1219 1019 1321 1098 Igitur

160 1107 191 1170 si
217 1106 302 1170 Deus
329 1110 415 1169 esset
443 1103 549 1168 lumen
575 1102 774 1183 intelligibile
803 1105 916 1167 mentis
940 1103 1108 1184 humanae,
1144 1122 1208 1169 una
1237 1111 1319 1171 esset

158 1210 254 1257 mens
276 1209 331 1255 seu
347 1192 437 1271 ratio,
461 1209 516 1256 seu
531 1191 707 1256 intellectus
730 1191 868 1255 omnium
882 1190 1058 1268 hominum3
1082 1196 1113 1255 et
1134 1191 1213 1257 haec
1228 1193 1320 1258 unica

160 1280 354 1354 ratioesset
376 1279 534 1359 ipsissima
557 1278 615 1342 Dei
637 1279 729 1343 ratio.

270 1365 313 1431 ut
340 1383 415 1429 sane
445 1367 472 1430 si
494 1365 618 1431 theoria
650 1365 728 1431 haec
750 1364 951 1429 immediatae
980 1365 1040 1430 Dei
1070 1367 1256 1447 cognitionis
1288 1369 1321 1432 in

158 1453 296 1519 historia
317 1451 534 1535 philosophiae
557 1452 781 1530 consideretur,
805 1470 842 1515 ea
865 1469 989 1534 semper
1010 1453 1043 1516 in
1066 1453 1197 1518 dirersis
1220 1459 1321 1538 syste-

159 1541 303 1606 matibus
325 1544 457 1621 apparet
470 1541 521 1604 vel
542 1546 579 1604 ut
602 1538 801 1604 corollarium
817 1540 1033 1604 necessarium
1047 1540 1247 1621 pantheismi,
1272 1542 1321 1608 vel

159 1636 201 1694 ut
223 1630 292 1712 ejus
314 1629 529 1692 necessarium
551 1628 748 1708 principium.
789 1625 837 1689 lta
861 1647 907 1691 ex.
932 1644 959 1707 g.
985 1634 1034 1692 est
1057 1627 1246 1709 pantheismi
1268 1646 1321 1694 co-

163 1715 329 1781 rollarium
352 1715 385 1779 in
401 1720 572 1797 systemate
588 1714 748 1796 Spinosae,
766 1712 947 1794 Schellingii
970 1719 1002 1784 et
1017 1713 1150 1796 Hegelii.
1186 1715 1321 1797 Spinosa

157 1804 248 1868 enirn
271 1822 308 1868 ex
330 1802 539 1883 pantheistico
558 1802 726 1884 principio:
754 1808 909 1879 ,mentem
925 1801 1093 1866 humanam
1108 1820 1178 1867 esse
1193 1803 1322 1869 modum

159 1888 306 1956 infinitae
322 1889 521 1969 cogitationis
537 1889 624 1968 Dei,“
652 1889 757 1952 docuit
778 1887 950 1970 perlectam
968 1890 1178 1971 cognitionem
1201 1891 1321 1974 acquiri

159 1997 223 2060 per
243 1979 391 2042 intuitum
419 1976 509 2042 ideae
539 1977 620 2041 entis
653 1975 873 2057 perfectissimi
902 1994 940 2040 ex
962 1993 1024 2057 qua
1054 1981 1200 2042 caeterae
1228 1979 1320 2043 ideae

162 2066 377 2143 deducuntur,
409 2070 442 2129 et
470 2064 638 2128 humanam
672 2065 827 2128 rationem
858 2082 954 2128 unum
978 2064 1122 2146 idemque
1152 2081 1220 2130 esse
1250 2083 1321 2130 cum

159 2148 273 2217 divina
294 2151 383 2234 (Eth.
406 2170 437 2233 p.
463 2157 492 2215 2.
516 2156 547 2215 et
570 2153 602 2215 in
624 2156 715 2216 tract.
739 2151 778 2215 de
800 2150 920 2217 emend.
944 2150 1119 2232 intonent).
1162 2151 1323 2236 Schelling

160 2259 205 2305 ex
235 2240 386 2320 principio
415 2239 642 2320 pantheistico:
680 2238 869 2316 „humanum
896 2238 1042 2320 spiritum
1076 2258 1139 2304 non
1168 2256 1239 2305 esse
1262 2241 1323 2305 uisi

159 2327 324 2410 quandam
347 2324 481 2391 formam
511 2326 569 2389 sub
592 2344 656 2406 qua
679 2325 866 2390 Absolutum
897 2343 931 2390 se
955 2325 1156 2390 manifestat“
1183 2326 1322 2406 deduxit,

160 2417 337 2503 humanum
358 2413 504 2495 spiritum
534 2414 649 2478 intueri
673 2414 703 2476 in
726 2430 762 2477 se
784 2412 993 2478 evolutionem
1016 2412 1169 2494 absoluti,
1193 2433 1229 2479 ac
1250 2432 1323 2496 pro-

161 2502 239 2566 inde
262 2500 381 2566 habera
410 2500 601 2565 naturaliter
632 2502 694 2564 imo
719 2500 932 2564 essentialiter
958 2501 1154 2564 intuitionem
1181 2500 1323 2568 intellec·

161 2588 287 2654 tualem
310 2586 454 2654 Absoluti
476 2587 534 2653 sub
551 2588 671 2653 duabus
695 2585 810 2664 iormiS,
835 2588 963 2666 spiritus
979 2605 1091 2667 nempe
1115 2599 1146 2652 et
1161 2590 1321 2670 materiae,

161 2694 237 2742 sesa
272 2673 500 2741 manifestantis
533 2675 585 2758 (V.
616 2675 684 2757 ejus
718 2680 856 2755 systema
887 2674 1002 2762 idealis„
1028 2675 1207 2739 transcend.
1240 2695 1322 2743 vers.

162 2763 334 2828 Grimblot.
359 2762 447 2826 Paris
476 2766 585 2843 1842).
620 2760 721 2842 Hegel
744 2761 878 2842 denique
902 2761 1014 2825 docens
1037 2761 1209 2827 humanum
1233 2764 1323 2846 spiri·

162 2858 235 2916 tum
259 2867 327 2915 esse
350 2851 450 2930 ipsam
472 2850 658 2929 ideam-ens,
682 2866 763 2930 quae
785 2849 818 2911 iu
840 2850 934 2914 tertio
957 2849 1144 2914 evolationis
1167 2855 1324 2916 momento

162 2939 216 3003 sui
239 2937 460 3002 conscientiam
482 2937 628 3018 acquirit,
662 2955 699 3002 eo
723 2954 757 2999 se
789 2936 918 3000 tendere
944 2934 1093 3015 affirmat,
1123 2944 1160 3000 ut
1182 2937 1324 3004 intellec-

161 3024 287 3090 tualem
312 3024 454 3089 Absoluti
484 3025 679 3088 intuitionem
709 3024 914 3101 demonstret,
950 3041 1043 3103 quam
1067 3022 1225 3105 Schelling
1256 3025 1323 3090 sine

163 3111 437 3178 demonstratione
460 3112 641 3178 admiserat.

274 3197 393 3263 Contra
415 3199 597 3263 immediata
614 3199 672 3262 Dei
695 3199 830 3279 cognitio
854 3205 1005 3279 tanquam
1028 3197 1216 3278 pantheismi
1239 3199 1325 3279 prin·

164 3287 283 3367 cipium
307 3303 341 3350 se
364 3285 490 3350 exhibet
520 3287 553 3349 in
575 3290 745 3368 systemate
770 3285 996 3350 Malebrauchii
1027 3287 1155 3367 ejusque
1189 3286 1325 3367 discipu·

162 3374 269 3438 lorum
291 3386 391 3452 usque
416 3375 455 3438 ad
473 3373 678 3438 Giobertium.
713 3373 762 3437 Illi
785 3374 866 3436 enim
890 3392 927 3437 ex
943 3390 980 3437 eo
1004 3373 1086 3453 quod
1110 3374 1325 3438 immediatam

101 3486 108 3496 ·
165 3461 227 3526 Dei
250 3461 461 3540 cognitionem
492 3479 548 3541 per
570 3461 769 3524 intuitionem
792 3461 949 3524 humanae
976 3461 1072 3525 menti
1094 3461 1271 3525 naturalem
1294 3465 1325 3527 et

164 3548 379 3612 necessariam
403 3566 473 3612 esse
490 3548 633 3626 dixerint,
659 3566 695 3612 eo
710 3547 839 3612 tandem
856 3547 984 3612 adducti
1001 3554 1083 3625 sunt,
1108 3553 1144 3611 ut
1166 3548 1324 3629 docerent,

103 3683 106 3691 .
164 3636 337 3699 humanum
371 3637 524 3700 rationem
556 3634 638 3698 idern
669 3652 740 3700 esse
770 3654 841 3699 cum
875 3635 982 3699 divina
1013 3636 1149 3712 ratione,
1185 3635 1325 3716 aliasque

164 3722 351 3805 hujusmodi
375 3722 532 3786 doctrinas
555 3722 763 3800 tradiderunt,
792 3740 872 3802 quae
895 3727 930 3786 ut
954 3722 1118 3786 clarissimi
1140 3723 1199 3787 viri
1223 3728 1327 3787 osten·

165 3812 295 3889 darunt,
320 3811 445 3874 nonnisi
468 3828 538 3874 cum
562 3810 759 3890 pantheismo
783 3811 925 3890 componi
949 3816 1088 3889 possunt.

715 4020 783 4085 XII.

276 4159 323 4222 Ex
339 4157 555 4240 ontologismo
579 4159 721 4239 seqnitur
744 4164 777 4223 et
792 4157 1037 4223 Eclecticismus.
1073 4157 1152 4223 Nam
1176 4160 1203 4223 si
1223 4161 1328 4226 omnia

164 4249 201 4310 in
224 4246 294 4311 Deo
318 4247 550 4326 cognoscimus,
582 4263 669 4310 mens
692 4251 800 4310 nostra
824 4246 939 4310 erroris
971 4263 1068 4327 capax
1096 4264 1164 4310 esse
1187 4265 1250 4311 non
1273 4249 1337 4330 po?

165 4339 251 4414 test,
285 4338 318 4398 et
342 4333 484 4399 diversae
516 4339 549 4397 et
581 4333 745 4416 oppositae
774 4333 1032 4415 philosophorum
1063 4334 1225 4415 opiniones
1255 4338 1329 4400 sunt

1192 4435 1326 4492 5*'
