2946 4942
153 307 194 366 74
671 315 841 362 nosnatura

152 459 220 538 pios
243 473 318 520 usus
342 462 374 519 et
397 472 504 519 omnes
521 454 712 534 apostolicas
729 455 982 534 constitutiones,
997 455 1195 536 disciplinam
1211 454 1313 535 respi-

152 544 282 620 cientes,
305 548 373 609 toto
396 541 491 606 corde
514 540 733 622 amplectimur
755 546 787 605 et
809 560 1004 607 veneramur.
1030 542 1157 608 Summo
1176 541 1312 622 denique

154 629 297 696 Pontifici
332 628 540 695 obedientiam
574 635 607 692 et
641 629 867 708 reverentiam,
903 638 939 693 nt
962 627 1080 696 Christi
1103 630 1250 708 Vicario,
1274 647 1313 693 en

154 719 257 783 animo
291 715 486 798 profitemur,
523 716 613 795 eique
647 716 824 781 arctissime
853 716 886 780 in
915 717 1072 783 catholica
1094 716 1312 783 communione

154 804 392 871 adhaeremus“

263 899 291 958 7.
328 893 497 972 Quingenti
527 896 625 973 prope
648 891 812 974 Episcopi,
838 910 875 957 ex
897 897 965 956 toto
988 897 1146 958 terrarum
1171 891 1250 956 orbe
1272 892 1312 954 ad

154 980 278 1063 agenda
300 981 456 1045 solemnio
478 980 662 1045 saecularia
685 979 830 1060 Martyrii
852 978 1039 1044 Sanctorum
1062 979 1150 1045 Petri
1173 986 1205 1043 et
1220 977 1313 1042 Pauli

155 1087 237 1134 anno
276 1073 355 1131 1867
392 1069 424 1131 in
451 1067 510 1131 hac
533 1067 617 1130 alma
639 1065 726 1130 Urbe
749 1068 940 1147 congregati,
965 1067 1091 1132 minime
1115 1065 1311 1142 dubitarunt,

155 1156 341 1236 Supremam
364 1153 548 1219 Pontificem
572 1154 662 1219 Pium
685 1155 730 1218 IX
753 1152 840 1218 hisce
863 1154 982 1233 alloqui
1004 1154 1117 1218 verbis.
1163 1153 1314 1232 „Petmm

154 1261 211 1324 per
235 1260 269 1307 os
285 1241 333 1307 Pii
348 1243 487 1307 locutum
503 1241 600 1306 fuisse
617 1240 789 1320 credentes,
807 1259 887 1321 quae
904 1241 945 1304 ad
961 1241 1200 1306 custodiendum
1216 1241 1314 1321 depo-

154 1331 250 1394 situm
272 1349 291 1393 a
313 1330 357 1394 Te
381 1330 475 1405 dicta,
502 1329 694 1408 confirmata,
718 1329 845 1409 prolata
861 1335 943 1406 sunt,
963 1328 1315 1410 nosquoqnediaimus,

155 1416 387 1495 confirmamus,
412 1419 646 1493 annunciamus,
670 1434 794 1496 unoque
818 1434 871 1480 ore
895 1421 992 1497 atquc
1025 1417 1138 1480 animo
1151 1416 1316 1498 rejicimus

155 1503 268 1583 omnia,
291 1522 372 1584 quae
396 1504 521 1568 divinae
543 1501 625 1581 fidei,
650 1503 746 1567 saluti
768 1505 960 1582 animarum,
983 1505 1044 1586 ipsi
1068 1502 1233 1581 societatis
1256 1502 1317 1567 hu·

154 1610 265 1656 manae
296 1591 377 1656 bono
411 1591 562 1666 adversa,
592 1590 640 1654 Tu
662 1591 729 1672 ipse
753 1590 955 1671 reprobanda
977 1610 1012 1655 ae
1036 1590 1214 1672 rejicienda>
1228 1589 1320 1672 judi-

155 1680 244 1744 casti.
288 1677 429 1742 Firmum
453 1680 536 1743 enim
559 1679 658 1742 menti
680 1685 808 1742 nostrae
831 1685 888 1756 est,
912 1677 1039 1758 alteque
1067 1676 1212 1756 defixum,
1229 1678 1316 1758 qnod

154 1766 267 1830 Patres
301 1765 537 1841 Florentinigin
569 1766 695 1829 decreto
738 1765 861 1829 unionis
894 1763 1099 1830 definierunt:
1137 1764 1318 1829 Romanum

52 1867 55 1873 ·
155 1851 338 1918 Pontificem
361 1852 480 1917 Christi
502 1853 671 1930 Vicarinm,
695 1854 793 1916 totius
817 1851 977 1922 Ecclesiae
1000 1859 1096 1934 caput
1119 1861 1151 1916 et
1174 1852 1320 1917 omnium

156 1939 405 2006 Christianorum
427 1946 550 2021 patrem
573 1947 606 2003 et
629 1940 787 2004 doctorem
812 1941 973 2004 existere.“

968 2329 984 2363 Κ

261 2376 442 2440 Fridericus
466 2375 567 2440 Maria
589 2376 723 2441 Zinnelli
747 2375 923 2457 Episcopus
946 2376 1137 2456 Tarvisinus,
1161 2377 1215 2458 qui
1240 2377 1319 2442 dum

155 2463 361 2529 libentissime
392 2463 465 2528 huic
495 2464 640 2545 petitioni
672 2464 842 2529 subscribit
872 2463 1030 2528 confidens
1060 2465 1254 2529 sententiam
1278 2465 1319 2530 de

157 2550 303 2615 absoluta
336 2551 560 2615 infallibilitate
582 2551 702 2615 Summi
724 2550 902 2630 PontificiS,
937 2569 1031 2631 quam
1065 2557 1097 2616 et
1119 2571 1203 2617 nunc
1227 2558 1323 2617 tenet

156 2645 190 2702 et
212 2655 335 2718 semper
358 2656 420 2718 qua
442 2655 518 2702 voce
542 2656 603 2718 qua
626 2639 749 2718 scriptis
772 2639 864 2702 editis
888 2640 1024 2704 asseruit
1047 2646 1079 2704 et
1101 2640 1320 2721 propugnavit

157 2743 304 2806 supremo
335 2725 454 2807 judicio
484 2726 641 2789 sancitum
673 2727 731 2804 iri,
761 2743 882 2791 memor
904 2727 1128 2791 moderationis
1152 2745 1172 2791 a
1196 2726 1316 2793 Sancta

157 2813 237 2877 Sede
260 2812 454 2892 Apostolica,
488 2814 528 2876 de
551 2814 641 2894 cujus
660 2814 786 2895 juribus
810 2814 924 2894 agitur,
947 2813 1116 2894 adhibitae,
1141 2815 1320 2896 praecipue

157 2901 189 2964 in
212 2901 369 2980 responsis
392 2899 434 2963 ad
456 2900 654 2979 quaestiones
677 2901 735 2965 hac
751 2918 846 2982 super
861 2918 897 2964 re
913 2919 932 2963 a
948 2900 1047 2966 Sacra
1062 2901 1317 2967 Paenitentiaria

157 2988 252 3067 datia,
284 2986 456 3051 humillime
482 2987 608 3067 quidem
642 2993 676 3052 at
707 2990 801 3052 etiam
824 2988 1053 3052 instantissime
1076 2989 1173 3069 petit,
1198 2995 1235 3053 ut
1258 2989 1320 3054 tali

157 3075 325 3140 verborum
347 3076 470 3139 ratione
493 3075 570 3139 haec
594 3075 736 3140 doctrina
760 3074 945 3151 definiatur,
975 3082 1011 3139 ut
1033 3075 1157 3140 illorum
1179 3077 1234 3157 qni
1258 3082 1318 3141 ant

157 3163 338 3243 praeteritis
373 3162 567 3243 temporibus
602 3169 659 3228 aut
687 3164 783 3227 etiam
806 3180 889 3228 nnnc
911 3163 1033 3228 sincere
1056 3162 1159 3243 parati
1182 3181 1217 3227 se
1235 3163 1317 3250 ,sub—

155 3251 254 3331 jicere
288 3249 421 3314 decretis
445 3247 574 3314 Concilii
596 3249 796 3315 Oecnmenici
829 3255 885 3313 aut
906 3248 1042 3315 Sanctae
1066 3249 1157 3315 Sedis
1181 3251 1318 3332 Aposto-

158 3337 235 3400 licae
258 3335 425 3401 bonafide
449 3336 542 3400 aliter
564 3344 740 3416 senserunt,
763 3336 864 3401 honor·
886 3336 1199 3417 quantominusfieri
1210 3342 1322 3419 potest

158 3424 312 3488 laedatur.
366 3423 502 3488 Maxime
535 3423 568 3487 id
590 3425 725 3488 interest
747 3443 808 3488 non
838 3424 940 3489 solum
962 3427 1001 3490 ob
1025 3424 1229 3506 charitatem,
1253 3443 1319 3506 qua

158 3510 273 3576 fratres
297 3511 462 3591 complecti
478 3510 639 3590 debemus,
655 3513 695 3576 ob
711 3512 822 3575 merita
838 3512 931 3575 etiam
949 3511 1111 3593 praeclara
1127 3512 1318 3593 aliquorum,

158 3598 215 3664 sed
238 3607 271 3663 et
292 3617 331 3663 ne
354 3600 409 3678 qui
431 3597 522 3663 ahter
544 3599 684 3663 sentiunt
706 3617 743 3663 ac
766 3617 824 3663 nos
845 3603 901 3663 aut
924 3599 964 3663 de
986 3618 1022 3663 re
1043 3601 1112 3681 ipsa
1133 3617 1215 3680 quae
1236 3597 1321 3665 defi-

158 3685 274 3750 nienda
296 3693 345 3750 est
367 3692 425 3750 aut
446 3686 486 3751 de
508 3687 743 3767 opportunitate
765 3685 953 3751 definitionis
976 3695 1069 3751 aestu
1091 3687 1319 3768 disputationis

159 3772 292 3854 abrepti,
316 3772 357 3836 de
378 3774 506 3854 proprio
528 3774 647 3838 bonore
671 3773 808 3852 nimium,
833 3778 869 3837 ut
891 3772 952 3837 tert
975 3791 1070 3855 saepe
1091 3774 1228 3838 humana
1251 3773 1323 3840 ira-

158 3859 282 3942 gilitas,
310 3859 436 3925 solliciti
458 3860 490 3924 in
513 3860 673 3925 contraria
695 3861 853 3926 sententia
875 3858 1098 3941 obfirmentur,
1119 3861 1205 3942 quod
1228 3869 1320 3928 certe

159 3949 243 4013 omni
272 3964 349 4012 cura
375 3948 558 4013 evitandum
581 3953 646 4026 est,
676 3966 715 4012 ne
737 3947 859 4012 fructus
882 3948 1004 4028 uberes,
1029 3967 1107 4030 qnos
1129 3967 1150 4013 a
1172 3948 1319 4015 Concilio

159 4033 364 4100 Oecnmenico
388 4040 600 4116 expectamus,
621 4036 857 4100 imminuantur.

264 4122 368 4202 Haec,
398 4140 480 4204 quae
502 4139 572 4188 esse
594 4123 625 4187 in
649 4124 787 4187 omnium
809 4121 875 4188 lere
896 4122 1122 4204 Episcopornm
1145 4124 1228 4188 uotis
1251 4125 1321 4188 exi-

160 4209 269 4273 stimat
299 4211 447 4274 minimus
473 4212 557 4275 inter
589 4207 714 4290 fiatres,
745 4210 937 4275 conscientia
960 4211 1110 4291 dictante,
1135 4209 1321 4291 Congrege-

160 4296 238 4361 tioni
260 4314 281 4359 a
302 4295 505 4362 Sanctissimo
529 4296 584 4361 Pio
608 4296 700 4377 Papa,
718 4296 771 4361 lx.
795 4297 967 4379 deputatae
990 4316 1047 4378 pro
1071 4298 1260 4381 recipiendis
1284 4307 1319 4363 et
