2946 4942
195 312 257 373 154
690 320 857 370 rosruams

191 470 370 547 praetextu,
394 469 518 542 tempus
541 460 735 543 probationis
757 460 872 537 minui;
903 461 979 524 item
1003 465 1036 525 et
1059 460 1257 540 disciplinam
1280 459 1354 524 reli·

193 552 315 634 giosam
338 554 447 614 sancte
471 549 604 626 servari;
638 548 825 626 abususque,
848 549 875 611 si
898 547 996 628 aliqui
1018 548 1239 628 surrepserint,
1265 547 1356 611 citius

193 638 366 703 reformari.
413 636 501 700 Haec
524 641 630 699 autem
652 641 689 698 ut
711 641 874 715 praestare
896 635 1020 716 possint
1043 634 1203 716 Episcopi,
1228 635 1355 698 omnino

192 743 322 791 necesse
358 729 443 789 esset
470 723 613 804 praefata
647 724 793 787 instituta
827 722 885 786 sub
918 722 1292 804 illorumssjurisdictione
1326 726 1358 785 et

193 832 290 878 manu
304 811 456 891 relinqui3
478 810 612 890 ideoque
627 808 722 872 nullis
738 810 986 889 exemptionibus
1002 809 1205 874 immediatae
1221 807 1357 872 Ordina-

193 902 310 965 riorum
335 899 555 980 gubernationi
581 898 650 978 ipsa
674 896 825 961 subtrahi.

654 1123 708 1187 De
733 1121 900 1202 Capr'tnlr‘s.

300 1263 333 1329 Si
368 1264 408 1328 de
434 1263 588 1344 capitulis,
619 1280 788 1342 eorumque
812 1262 951 1340 statutis,
979 1263 1011 1325 in
1034 1259 1173 1326 Concilio
1197 1261 1356 1342 agendum

193 1354 314 1430 veniat,
348 1352 394 1415 ita
428 1352 533 1414 omnia
567 1356 794 1430 componantur
829 1355 981 1428 cauteque
1015 1354 1280 1430 attemperantur,
1312 1354 1356 1427 ut,

194 1443 347 1521 quantum
370 1437 439 1502 fieri
462 1438 595 1519 poterit,
628 1444 796 1500 arceantur
819 1454 925 1500 ornnes
956 1437 1134 1500 occasiones
1157 1434 1357 1501 conflictuum

193 1525 370 1607 Episcopus
401 1525 484 1587 inter
508 1529 539 1586 et
562 1522 726 1603 Capitula:
763 1524 803 1587 ad
829 1524 912 1603 quod
944 1529 1028 1586 certe
1051 1524 1184 1588 maxime
1209 1522 1357 1602 conferet,

195 1613 222 1677 si
255 1619 400 1676 servetur
427 1611 594 1675 laudabilis
626 1629 694 1675 mos
724 1612 757 1673 in
780 1610 930 1675 Ecclesiis
962 1612 1078 1675 nostris
1107 1629 1126 1673 a
1155 1609 1357 1676 Concordatu

197 1704 279 1764 1801
304 1702 463 1780 receptus,
493 1700 584 1780 juxta
616 1717 706 1779 quem
732 1699 875 1762 Vicarius
900 1697 1065 1762 Generalis
1089 1697 1239 1780 Episcopi
1263 1697 1356 1762 simul

194 1792 244 1853 est
267 1787 413 1850 Decanus
442 1784 589 1865 Capituli.
643 1786 720 1849 Inde
754 1787 837 1849 euim
867 1784 1001 1849 feliciter
1029 1786 1182 1865 contingit
1210 1790 1248 1848 ut
1271 1787 1358 1848 extet

193 1874 351 1938 vinculum
369 1872 526 1952 quoddam
541 1873 681 1951 unitatis
706 1890 767 1952 quo
784 1872 960 1953 Episcopus
984 1879 1016 1936 et
1032 1871 1212 1952 Capitulum
1235 1870 1357 1937 facilius

195 1967 228 2025 ct
254 1962 344 2042 quasi
367 1959 556 2024 naturaliter
579 1960 776 2024 adinvicem
800 1964 1030 2023 connectuntur
1053 1967 1086 2023 et
1110 1959 1326 2025 conciliantur.

268 2186 425 2266 Eptseopt
449 2187 704 2266 dispensationes
727 2205 832 2250 arnrces
856 2186 1021 2250 concedere
1036 2191 1174 2267 possint,
1199 2207 1281 2268 qnae

364 2289 395 2354 S.
419 2289 572 2369 Pontifici
595 2310 742 2370 expresse
764 2310 828 2354 non
848 2291 973 2368 fnerc'nt
994 2297 1183 2357 reservatae.

301 2427 381 2494 Cum
413 2428 547 2493 facultas
577 2447 597 2492 a
624 2431 765 2509 positivis
787 2430 923 2508 legibue,
959 2431 1139 2510 prudenter,
1174 2433 1207 2495 in
1230 2432 1356 2497 casibus

193 2517 437 2599 particularibus
467 2517 669 2597 dispensandi
696 2517 737 2581 ad
759 2518 876 2582 bonum
906 2518 1048 2598 regimen
1075 2520 1252 2583 animarum
1286 2538 1356 2600 per·

193 2605 303 2680 tineat,
327 2604 499 2668 necessitas
523 2611 629 2667 autem
646 2604 916 2685 dispensationum
938 2605 985 2668 ita
1000 2603 1183 2685 frequenter
1198 2611 1357 2688 occurrat,

193 2697 231 2756 ut
254 2691 347 2756 nimis
377 2690 546 2755 molestum
570 2689 667 2770 foret,
698 2693 761 2757 imo
787 2692 932 2757 nocivum
956 2710 1066 2772 saepe,
1101 2693 1129 2757 si
1157 2694 1197 2757 ad
1220 2693 1357 2759 Romam

193 2779 353 2844 ordinario
387 2778 613 2842 recurrendum
648 2787 731 2844 esset
762 2799 819 2862 pro
849 2779 1135 2860 dispensationibus
1166 2780 1357 2859 obtinendis,

193 2883 297 2930 nonne
320 2867 507 2930 conveniens
524 2871 606 2929 esset
630 2865 767 2947 decerni,
791 2873 823 2932 et
847 2869 879 2931 in
899 2865 951 2946 jus
967 2885 1130 2932 commune
1153 2871 1237 2950 poni,
1261 2867 1356 2949 Epis-

193 2970 288 3034 copos
322 2952 470 3034 deinceps
499 2952 748 3034 dispensaturos,
784 2954 838 3019 ubi
862 2959 985 3018 tantum
1017 2955 1057 3019 de
1089 2956 1213 3020 casibus
1236 2962 1355 3036 agetur

192 3039 453 3120 particularibus,
484 3059 578 3121 super
601 3041 829 3107 ecclesiasticas
852 3041 952 3123 leges,
984 3042 1045 3107 nisi
1073 3061 1208 3123 quarum
1231 3043 1359 3124 dispen-

192 3129 348 3194 sationem
383 3126 413 3192 S.
442 3126 626 3193 Pontificum
655 3130 826 3210 prudentia
861 3146 1007 3210 expresse
1038 3129 1098 3195 sibi
1125 3130 1286 3196 censuerit
1309 3149 1359 3195 re·

193 3216 391 3280 servandam.

299 3302 539 3366 Reservationes
574 3308 679 3366 autem
714 3302 984 3383 dispensationum
1013 3301 1045 3368 S.
1076 3303 1221 3369 Pontifici
1251 3305 1359 3370 locum

191 3389 309 3456 babere
331 3387 439 3452 forsan
461 3387 620 3454 sufficeret
641 3391 674 3453 in
697 3390 890 3471 gravissimis
905 3390 1037 3470 legibus,
1062 3409 1157 3473 super
1179 3409 1259 3472 quas
1282 3410 1357 3457 raro

193 3484 226 3541 et
249 3495 311 3541 non
335 3476 394 3540 uisi
418 3476 457 3540 ob
480 3476 643 3557 graviores
667 3494 778 3541 causas
802 3479 977 3559 dispensari
1002 3477 1093 3543 solet.

303 3700 537 3781 Episcopornrn
556 3701 727 3781 facultates
750 3703 837 3767 circa
859 3722 954 3768 casns
977 3703 1115 3768 occultos
1138 3703 1238 3769 nctus

639 3806 908 3886 interpretandae.

297 3945 466 4010 Decretum
489 3945 612 4010 concilii
633 3945 820 4025 Tridentini,
850 3947 883 4011 vi
905 3949 994 4029 qu'us
1016 3947 1166 4029 Episcopi
1188 3949 1356 4016 absolvere

190 4039 325 4110 possunt
347 4050 367 4096 a
389 4032 515 4098 casibus
538 4031 569 4097 S.
591 4031 735 4098 Pontifici
757 4034 945 4115 reservatis,
979 4035 1105 4116 quando
1128 4040 1203 4100 sunt
1225 4037 1354 4118 occulti,

190 4116 268 4182 item
291 4124 325 4184 et
353 4119 535 4200 dispensare
562 4120 595 4184 in
617 4120 908 4202 irregularitatibus
936 4141 973 4187 ex
996 4122 1124 4201 delicto,
1156 4125 1183 4188 si
1206 4124 1354 4190 occultae

191 4203 265 4283 sint,
289 4204 467 4286 applicetur
488 4225 626 4288 quoque,
659 4215 790 4288 propter
811 4208 982 4289 paritatem
1003 4212 1177 4291 rationum,
1210 4211 1253 4276 ad
1275 4214 1354 4278 irre

190 4289 380 4374 gularitatcs
410 4298 443 4358 et
468 4301 600 4374 peccata
626 4300 790 4360 reservata
818 4312 901 4375 quae
928 4302 1000 4376 post
1025 4295 1198 4364 Concilium
1220 4297 1355 4364 Triden-
