2954 4936
505 331 545 376 nn
568 330 709 378 noctuam
733 329 860 379 cumam.
1213 322 1255 382 49

98 470 319 551 conjungatur,
339 476 406 534 tum
429 487 610 551 perversam
634 486 741 534 eorum
757 470 953 550 sententian,
976 472 1030 551 qui
1053 473 1255 553 contendunt,

98 556 258 622 Ecclesiae
284 575 346 620 non
378 575 462 637 esse,
497 557 536 621 de
560 557 652 638 hujus
680 557 874 637 principatus
906 556 1006 622 civille
1035 559 1078 623 ad
1110 561 1257 640 generale

97 643 290 709 christianae
312 643 506 725 reipublicae
528 643 643 707 bonum
665 642 820 709 relatione
844 644 1003 726 quidpiam
1027 664 1097 711 cum
1121 650 1256 713 auctori·

96 734 164 795 tate
188 732 392 809 constituere3
427 731 568 811 adeoque
591 731 683 795 licere
707 730 868 796 catholicis
890 732 1077 813 hominibus,
1106 735 1148 800 ab
1170 735 1255 801 illius

96 818 308 884 decisionibus
329 819 388 882 hac
411 819 507 883 dere
530 818 623 883 editis
645 818 794 883 recedere
817 817 971 899 aliterque
995 823 1122 886 sentire.

557 1048 692 1115 CAPUT
715 1049 800 1114 XIII.

195 1190 245 1256 Dc
268 1191 437 1256 concordio
458 1190 543 1254 ancer
566 1188 744 1255 Ecclesiam
767 1211 805 1254 oc
827 1191 1006 1256 societatem
1029 1191 1159 1256 civilem,

204 1329 348 1395 Perfecta
374 1330 451 1394 haec
481 1330 605 1409 civitas,
638 1348 730 1411 quarn
753 1347 862 1395 sacrae
891 1330 1017 1394 litterae
1039 1348 1171 1408 regnum
1196 1331 1254 1397 Dei

94 1417 268 1498 appellant,
293 1435 430 1498 superna
448 1418 573 1496 quidem
597 1423 655 1496 est,
680 1418 716 1498 si,
740 1418 823 1482 unde
846 1424 917 1483 orta
932 1417 974 1481 sit
996 1423 1028 1482 et
1051 1434 1113 1498 quo
1135 1421 1254 1500 tendat,

96 1505 267 1587 cogitatur,
291 1505 485 1571 descendeus
508 1505 598 1586 quasi
622 1502 740 1569 Christi
769 1523 886 1587 sponsa
909 1505 948 1570 de
971 1505 1058 1571 coelo
1086 1511 1119 1569 et
1141 1509 1255 1573 transi·

95 1597 172 1657 tura
194 1593 228 1656 in
256 1593 436 1679 coelestem⁴
450 1592 548 1673 illam,
580 1611 661 1673 quae
684 1610 809 1657 sursum
840 1599 888 1657 est
910 1593 1086 1657 Jerusalem
1111 1612 1257 1658 consum-

95 1686 264 1758 matorum,
289 1699 359 1746 curn
383 1678 526 1743 Christus
549 1679 716 1744 tradiderit
737 1699 865 1760 regnum
889 1680 957 1744 Deo
981 1686 1013 1744 et
1035 1680 1132 1759 Patri,
1156 1688 1192 1746 ut
1215 1684 1258 1747 sit

95 1766 185 1833 Deus
209 1769 314 1832 omnia
336 1770 367 1832 in
391 1767 543 1832 omnibus.
556 1769 582 1850 1)
616 1767 706 1832 Nunc
729 1785 803 1833 vero
819 1768 961 1833 EcclesIa
975 1785 1075 1849 usque
1099 1770 1139 1831 ad
1158 1766 1254 1834 finem

21 1892 33 1907 -
96 1855 297 1920 saeculorum
319 1857 352 1919 in
376 1856 471 1919 terris
493 1861 587 1935 atque
609 1856 692 1919 inter
714 1860 857 1920 terrenas
882 1855 1025 1920 civitates
1048 1855 1151 1920 adhuc
1174 1856 1256 1921 mili·

94 1947 178 2024 tans,
201 1960 239 2007 ex
263 1942 358 2007 divini
379 1941 556 2007 fundatoris
578 1943 627 2006 sui
650 1944 850 2024 omniumque
864 1942 1085 2023 Redemptoris
1107 1943 1256 2009 mandato

95 2030 132 2094 in
153 2030 256 2095 sinum
288 2049 379 2096 suum
409 2036 584 2094 maternum
623 2030 744 2111 coIIIgIt
773 2048 882 2095 omnes
910 2037 1034 2112 gentes,
1066 2048 1146 2110 quae
1173 2033 1257 2096 slent

94 2116 201 2182 indole
230 2136 268 2182 ao
301 2116 441 2182 moribus
469 2119 551 2181 inter·
580 2136 614 2180 se
643 2117 800 2198 diversae,
835 2119 881 2182 ita
908 2117 1005 2182 etiam
1031 2117 1196 2200 multiplici
1223 2124 1256 2184 et

94 2205 184 2270 varia
208 2206 306 2270 civilis
334 2205 494 2279 societatis
522 2204 622 2269 forma
651 2210 726 2269 sunt
752 2207 951 2270 constitutae.
1006 2205 1067 2283 Qui
1095 2207 1177 2269 enim
1201 2207 1256 2272 ho·

96 2291 210 2372 nunes,
241 2293 352 2357 adsui
377 2294 647 2358 conservationem
679 2297 712 2356 et
735 2292 905 2374 congruam
937 2286 1052 2358 ra'tioni
1074 2290 1256 2358 felleitatem

94 2380 311 2460 temporalem,
334 2384 450 2445 natura
466 2380 547 2445 duce
569 2385 600 2444 et
616 2381 675 2444 Dei
692 2381 842 2445 creatoris
858 2380 1054 2444 ordinatione
1077 2380 1109 2444 in
1132 2381 1255 2446 civilem

95 2468 281 2533 societatem
298 2468 450 2547 coierunt,
472 2468 566 2531 iidem
583 2473 619 2530 nt
642 2468 674 2531 in
691 2469 851 2531 aeternum
868 2467 1039 2546 salventur,
1063 2467 1095 2529 in
1111 2473 1255 2534 sanctam

93 2553 184 2621 illam
206 2556 400 2632 societatem,
429 2573 509 2635 quae
532 2559 581 2618 est
602 2553 759 2635 Ecclesia,
787 2556 890 2636 gratia
921 2555 979 2618 Dei
1003 2553 1178 2620 Salvatoris
1200 2575 1256 2621 vo·

95 2647 220 2709 cantur.
271 2641 348 2708 Cum
377 2642 475 2723 igitur
508 2643 671 2723 utriusque
701 2643 876 2722 socletatis,
911 2643 984 2706 licet
1013 2643 1106 2706 modo
1131 2643 1254 2709 diverso

94 2747 156 2811 pro
178 2728 302 2795 diverso
324 2747 434 2794 earum
457 2730 565 2795 ordine
588 2747 627 2793 ac
648 2726 719 2809 fine,
743 2729 829 2793 Deus
852 2728 972 2793 infinite
999 2735 1127 2795 sanctus
1150 2734 1183 2794 et
1205 2749 1256 2796 sa-

93 2816 187 2898 piens
209 2817 250 2880 sit
273 2824 400 2882 auctor:
434 2836 471 2882 en
494 2817 563 2898 ipsa
584 2835 690 2880 rerum
712 2822 826 2881 natura
847 2817 931 2881 inter
953 2815 1128 2883 Ecclesiam
1151 2823 1182 2882 et
1206 2836 1258 2884 so·

94 2905 245 2970 cietatem
276 2905 396 2970 civilem
428 2905 478 2970 vel
501 2905 584 2969 inter
605 2909 795 2984 potestateS,
823 2905 935 2985 quibus
965 2910 1099 2986 utraque
1121 2907 1257 2987 regitur,

93 3009 160 3056 non
183 3009 257 3057 sane
280 3010 388 3074 pugna
409 2996 456 3057 est
479 2998 536 3056 aut
558 2992 723 3073 oppositio.

204 3079 285 3157 Quin
307 3081 403 3144 immo
426 3078 571 3144 Ecclesia
586 3079 810 3161 rempublicam
833 3078 968 3142 maximo
985 3079 1178 3144 munimento
1200 3077 1258 3144 fir·

93 3172 166 3231 mat
188 3185 224 3232 ac
246 3171 362 3245 tuetur,
386 3167 516 3249 ejusque
539 3167 702 3230 securitati
725 3166 885 3248 prospicit
922 3165 982 3228 Illa
1003 3167 1085 3230 enim
1108 3166 1257 3232 instituta

95 3253 141 3319 ad
167 3252 407 3320 sauctIficandos
437 3254 593 3332 homines,
626 3255 696 3335 ipsa
725 3255 844 3319 virtute
876 3258 908 3318 et
935 3255 1053 3333 pietate
1084 3253 1255 3319 christiana

93 3342 196 3408 bonos
218 3341 313 3406 etiam
337 3342 420 3407 cives
442 3340 528 3421 lacit,
553 3340 607 3421 qui
630 3344 656 3405 si
678 3340 761 3406 tales
784 3342 856 3420 sint,
881 3340 990 3422 quales
1010 3358 1080 3405 esse
1102 3343 1256 3423 praecipit

93 3429 241 3496 doctrina
264 3427 426 3508 catholica,
451 3430 518 3494 sine
542 3429 636 3493 dubio
660 3448 775 3510 magua
790 3434 883 3494 erunt
905 3429 990 3492 salus
1012 3428 1212 3510 reipublicae.
1225 3432 1253 3509 ²)

92 3515 268 3581 Praeterea
300 3534 370 3581 cum
392 3524 519 3581 terrena
547 3522 690 3597 potestas
718 3518 751 3580 in
774 3516 938 3596 temporali
966 3515 1103 3580 utIIItate
1126 3521 1160 3580 et
1182 3535 1260 3598 poe*

92 3621 209 3668 narum
230 3609 318 3668 metu
335 3621 435 3668 suam
464 3604 729 3669 observandarum
760 3603 865 3683 legum
895 3602 1087 3667 sanctionem
1118 3605 1254 3685 positam

91 3689 229 3771 habeat,
259 3709 334 3755 vera
355 3691 480 3773 religio,
512 3691 599 3772 cujus
622 3695 655 3755 et
677 3695 782 3756 custos
806 3695 837 3754 et
860 3690 1014 3771 magistra
1038 3696 1087 3754 ost
1108 3689 1254 3757 Ecclesia

92 3777 260 3856 catholica,
277 3779 499 3843 auctoritatem
519 3778 742 3859 imperantium
758 3776 892 3842 validius
915 3778 1057 3842 doctrina
1071 3778 1260 3860 legibusque.

92 3865 210 3931 divinis
234 3865 406 3931 confirmat.
444 3865 602 3946 Praecipit
625 3866 707 3929 enirn
731 3865 840 3945 religio
864 3864 1020 3930 catholica
1043 3883 1102 3929 sua
1117 3865 1258 3930 auctori·

89 3957 166 4019 tate
196 3951 314 4034 divina,
346 3959 382 4018 ut
409 3953 550 4018 homines
583 3952 743 4034 legitimae
775 3953 926 4034 potestati
956 3952 1074 4017 subditi
1105 3953 1168 4016 sint
1191 3970 1256 4016 nou

90 4040 198 4107 solum
220 4045 348 4122 propter
370 4042 459 4120 iram,
483 4040 539 4105 sed
562 4041 657 4104 etiam
680 4045 811 4122 propter
833 4040 1062 4105 conscientiam.
1077 4042 1102 4120 ³)

205 4270 215 4302 ¹
244 4266 285 4324 Cf.
304 4266 373 4321 Heba
392 4267 452 4320 XII.
472 4270 515 4323 22.
534 4268 581 4329 233
600 4265 620 4318 I.
640 4266 703 4319 Cor.
722 4265 780 4317 XV.
799 4269 841 4319 24.
861 4268 903 4322 29.

205 4341 214 4372 ²
246 4335 287 4390 CI.
307 4342 374 4404 Aug.
395 4337 429 4390 ad
449 4338 602 4391 Marcellin.
622 4336 664 4403 ep.
687 4339 743 4391 158.
763 4351 786 4387 n.
808 4336 848 4388 15.
923 4341 947 4403 ὅ)
966 4336 1043 4393 Rom.
1063 4337 1137 4393 XIII.
1158 4341 1187 4391 3.

146 4440 274 4491 Martia,
294 4441 448 4484 Documenta.
475 4441 537 4482 Edit.
552 4440 582 4481 11.
1128 4425 1144 4475 l
