2946 4942
491 1092 654 1165 SECTIO
683 1093 913 1166 SECUNDA.

135 1250 703 1359 cousuluuulonom
735 1258 1263 1363 oosmnulcnltunt

520 1399 882 1500 sollicitius.
918 1544 924 1561 l

218 1624 247 1707 l.
276 1616 461 1708 sortitum
489 1625 863 1710 oonsilrsslouis
890 1626 1186 1711 possidonii

114 1781 231 1846 DE
259 1783 721 1850 DOCTRmA
745 1785 1281 1866 CATHOLIOA.1t

619 1981 776 1990 ———.

603 2131 739 2199 CAPUT
763 2134 788 2199 I.

540 2290 592 2356 Dc
615 2313 656 2358 ss.
683 2292 854 2360 Trinitate.

225 2445 460 2530 Mysteriorum,
495 2465 576 2530 quae
609 2446 672 2514 fide
705 2448 871 2514 illuminati
906 2446 1098 2530 profitemur,
1138 2447 1279 2512 omnium

113 2551 300 2614 supremum
322 2535 389 2616 ipse
412 2535 498 2600 Deus
522 2541 581 2615 est,
605 2553 687 2600 unus
710 2535 743 2600 in
766 2537 912 2615 essentia,
937 2535 1039 2600 trinus
1062 2534 1093 2598 in
1117 2534 1277 2616 personis:

112 2619 224 2700 Pater,
247 2620 346 2686 Filius
369 2627 400 2687 et
423 2621 558 2705 Spiritus
581 2621 725 2690 Sanctus.
778 2623 866 2689 Haec
888 2623 983 2688 beata
1004 2622 1143 2687 Trinitas
1156 2639 1278 2687 secun-

114 2709 194 2773 dum
216 2707 371 2774 sinceram
395 2709 566 2776 catholicae
595 2709 668 2776 fidei
688 2710 857 2775 veritatem
880 2728 962 2776 unus
984 2716 1033 2775 est
1056 2710 1151 2788 Deus,
1184 2727 1286 2791 prope

113 2802 209 2861 terea
235 2797 319 2877 quod
350 2797 488 2877 essentia
515 2816 572 2862 seu
594 2797 773 2863 substantia
803 2798 905 2863 tribus
928 2797 1071 2881 personis
1106 2797 1286 2863 communis·

113 2902 154 2948 re
176 2887 210 2948 et
231 2901 361 2949 numero
376 2902 441 2951 una
464 2891 522 2952 est.
557 2884 654 2950 Pater
675 2885 821 2964 animab
845 2889 973 2951 aeterno
1001 2883 1113 2948 Filium
1137 2887 1283 2964 generat?

114 2989 182 3035 non
210 2970 307 3036 aliam
337 2990 413 3037 suae
443 2972 606 3054 aequalem
627 2972 808 3038 essentiam
838 2973 1036 3038 emanatione
1064 2971 1278 3055 producendo,

114 3057 175 3122 sed
197 3058 299 3139 ipsam
321 3077 412 3124 suam
434 3059 696 3141 simplicissimam
720 3060 891 3125 essentiam
913 3060 1192 3137 communicand03
1224 3075 1280 3139 pa·

115 3147 259 3226 nitetque
283 3145 420 3228 Spiritus
444 3147 475 3213 S.
499 3166 563 3213 non
586 3147 845 3228 multiplicatione
869 3148 1034 3226 essentiae,
1058 3147 1115 3211 sed
1139 3142 1284 3226 ejusdem

114 3233 277 3298 essentiae
300 3234 469 3316 singularis
498 3235 818 3300 communicationes
841 3237 935 3300 Patre
957 3238 992 3300 et
1014 3233 1093 3299 Filio
1116 3238 1285 3314 tamquam·

115 3319 161 3385 ab
184 3338 247 3395 uno
270 3322 424 3404 principio
447 3341 511 3388 una
534 3323 707 3404 spiratione
729 3326 860 3387 aeterna
882 3322 1033 3405 procedit.
1071 3319 1160 3386 Haec
1181 3321 1287 3401 igitur·

114 3425 183 3472 una
205 3426 336 3474 numero
360 3411 499 3476 essentia
526 3427 583 3475 seu
605 3414 720 3474 natura
742 3411 899 3475 veraciter
921 3416 972 3474 est
993 3408 1098 3489 Pater,
1122 3407 1223 3472 Filius
1247 3413 1280 3472 et

114 3494 256 3575 Spiritus
280 3495 310 3562 S.
334 3501 401 3561 tres
424 3497 517 3562 simul
540 3515 693 3578 personae
716 3503 750 3562 et
771 3496 956 3578 singillatim
972 3495 1132 3577 quaelibet
1154 3513 1285 3560 earum-

115 3583 205 3647 dem:
235 3583 281 3648 ita
303 3589 340 3648 ut
361 3602 514 3666 personae
537 3585 622 3650 inter
644 3602 678 3650 se
701 3583 831 3650 realiter
863 3584 1031 3650 distinctae
1054 3583 1131 3663 sint,
1163 3587 1281 3647 natura

114 3675 224 3735 autem
248 3688 304 3735 seu
326 3672 464 3737 essentia
486 3691 583 3737 unum
605 3672 751 3754 idemque
774 3673 881 3754 sinist)

227 3913 247 3982 ¹)
264 3913 326 3970 Hoc
345 3912 460 3969 Schema
477 3929 495 3969 a
514 3915 704 3971 commissione
722 3915 924 3982 Theologorum
948 3915 1066 3983 primum
1085 3917 1231 3967 exaratum
1252 3918 1280 3964 et

113 3982 228 4038 concilii
245 3983 378 4039 Patribus
397 3984 433 4038 ad
451 3983 651 4040 discutiendum
676 3986 849 4054 propositum
867 3984 965 4039 deinde
983 3984 1090 4037 ratione
1109 3981 1204 4036 habita
1222 3980 1282 4034 ani·

112 4052 345 4122 madiensionum
363 4069 434 4122 quse
452 4070 470 4110 a
487 4055 612 4124 pluribus
630 4055 760 4111 Patribus
777 4055 806 4109 in
824 4054 883 4124 ejus
897 4054 1066 4108 discussione
1085 4051 1113 4105 in
1131 4051 1195 4105 aula
1209 4050 1279 4104 Con·
1333 4109 1338 4114 .

112 4121 175 4206 oilli
194 4123 392 4249 fafflssmt'
411 4141 428 4180 a
446 4125 622 4194 deputatione
648 4141 698 4194 pro
718 4125 799 4180 rebus
819 4124 883 4179 fidei
902 4124 1079 4178 reformatum
1098 4129 1150 4176 est.
1167 4120 1286 4176 “Aduo--

111 4199 189 4248 mm
207 4208 250 4332 e²)
269 4262 310 4322 Of.
324 4237 412 4321 dono.
430 4264 493 4321 Lat.
511 4264 544 4324 V.
563 4263 630 4334 Cap.
648 4264 829 4320 Domeciaco.
