2946 4942
565 333 604 378 nn
627 333 722 380 ausos
745 331 932 380 noommors.
1285 320 1327 380 97

167 472 245 535 tatis
268 471 320 536 rel
341 468 591 537 indifferentismi
614 489 734 537 veneno
757 469 906 550 inficiant,
924 471 1040 551 ubique
1055 471 1193 536 locorum
1210 472 1328 555 passim

167 559 336 640 eriguntur
371 564 405 623 et
437 560 623 624 cateruatim
656 558 854 624 acatholica
884 559 1051 640 juventute
1073 557 1327 640 frequentantur.
1433 590 1436 595 ·

167 644 307 727 Expedit
328 645 426 727 igitur
448 651 487 709 ut
508 646 626 710 malum
650 646 825 712 describam
848 658 945 727 atque
968 645 1076 727 aliqua
1102 646 1241 711 remedia
1263 663 1330 710 me·

170 732 265 798 dandi
290 733 458 814 assignem.
503 732 551 798 De
575 733 690 799 scholis
712 733 822 798 mixtis
845 733 958 814 loquor
979 733 1011 797 in
1039 733 1230 800 Aramaua
1251 733 1329 798 Hel·

168 821 269 886 actiae
288 824 386 900 para
408 820 528 885 erectis

278 913 307 971 l.
330 906 379 972 De
402 905 525 972 Scholis
542 907 787 987 parochialibus
809 907 875 972 sive
890 908 1074 988 primariis.

274 993 378 1059 Erant
411 993 568 1074 quondam
602 1000 635 1059 et
667 992 855 1076 plerumque
890 994 993 1059 adhuc
1021 995 1095 1060 dum
1118 999 1193 1059 sunt
1207 993 1326 1061 ¹incolis

170 1078 341 1146 Catholicis
363 1081 511 1163 propriae
532 1079 666 1147 Scholae
690 1080 870 1146 Catholicae
892 1079 1097 1147 aCatholicis
1108 1080 1328 1147 fundatoribus

170 1167 315 1234 conditae
338 1169 545 1250 congruisque
568 1167 673 1233 lundis
687 1170 832 1251 provisae
847 1175 886 1234 etu
895 1187 968 1233 cum
982 1168 1138 1236 Ecclesiis
1149 1167 1327 1234 Paroohia-

171 1255 272 1323 lihas.
288 1257 399 1320 intimo
430 1274 512 1322 nexu
546 1258 747 1339 conjunctae,
782 1257 829 1321 ita
860 1263 897 1321 ut
928 1256 1014 1322 socio
1043 1257 1160 1322 auxilio
1184 1255 1329 1322 Ecclesia

170 1342 310 1423 scholam
338 1343 551 1425 parochialem
578 1350 610 1409 et
633 1362 690 1408 sua
712 1345 781 1409 vice
804 1342 912 1409 schola
935 1342 1128 1410 Paroohialis
1150 1342 1329 1411 Ecclesiam

170 1436 203 1495 et
226 1427 423 1495 Cathohcam
445 1431 629 1512 religionem
645 1433 676 1496 in
692 1449 816 1512 quaque
832 1433 1059 1497 communitate
1075 1434 1195 1496 samam
1210 1435 1328 1497 tectam

171 1522 321 1583 servaret.
345 1516 408 1583 Sed
430 1519 464 1582 in
484 1519 652 1600 permultis
675 1520 839 1598 regionum
862 1518 1016 1600 partibus,
1041 1518 1093 1584 ubi
1110 1516 1330 1584 Ptotestantes

171 1610 202 1670 et
233 1603 307 1670 falsi
340 1605 474 1671 nominis
497 1603 653 1672 Catholici
682 1607 897 1688 majoritatem
919 1606 1097 1670 ootaatiaoa
1120 1606 1327 1684 constituunt,

171 1692 257 1774 impii
280 1691 457 1759 Novatores
479 1692 560 1758 illud
582 1694 705 1759 unionis
727 1693 896 1772 vinculum,
920 1711 983 1774 qua
1004 1691 1149 1760 Ecclesia
1170 1697 1203 1758 et
1218 1692 1331 1758 Schola

171 1779 362 1862 parochiahs
384 1781 517 1846 invicem
536 1779 664 1860 junctae
687 1786 789 1858 crant,
813 1780 1017 1861 dirruperunt
1031 1779 1198 1847 etScholis
1214 1779 1331 1846 Catho-

172 1868 236 1933 licis
260 1869 439 1949 suppressis
462 1868 610 1950 paruulos
633 1867 814 1933 Catholicos
835 1885 901 1932 una
922 1886 994 1933 cum
1027 1867 1134 1933 fundis
1157 1866 1329 1933 Catholicis

174 1952 424 2020 Protestaailam
457 1955 574 2021 sobolis
612 1955 747 2037 ideoque
789 1955 989 2020 instructioni
1021 1955 1164 2037 magistri
1196 1954 1330 2038 ahcujus

172 2041 354 2124 Zwingliani
390 2050 422 2107 et
444 2042 620 2109 Lutherani
651 2043 702 2109 rel
736 2044 861 2109 omnino
895 2042 1049 2108 increduli
1082 2044 1114 2107 vi
1140 2041 1229 2107 latae
1250 2041 1332 2124 legis

173 2129 417 2210 adscripserunt.
474 2129 609 2212 Magnus
642 2129 774 2212 proinde
803 2129 896 2195 fletus
928 2135 961 2195 et
994 2130 1138 2212 ploratus
1160 2135 1332 2211 parentum

173 2223 204 2282 et
224 2216 429 2298 parvulorum
453 2216 697 2299 Catholicorum,
722 2218 777 2284 sed
800 2219 966 2282 incassum.
996 2216 1162 2300 Cogrmtur
1183 2222 1332 2299 parentes

174 2301 328 2370 Catholici
359 2322 417 2385 per
444 2305 597 2372 murlctam
626 2312 659 2371 et
690 2323 825 2388 poenam
859 2306 985 2370 mittere
1019 2305 1156 2371 infantes
1194 2321 1268 2370 suos
1289 2303 1333 2369 ad

172 2391 295 2459 scholas
317 2391 530 2471 Acathohcas,
565 2410 643 2474 quas
676 2394 791 2457 mixtas
817 2391 896 2456 falso
931 2398 1132 2474 nuncupant,
1166 2409 1238 2457 cum
1259 2407 1333 2455 rere

174 2480 234 2544 sint
256 2478 384 2545 scholae
407 2479 657 2546 Protestanticac
680 2479 730 2544 vel
754 2477 871 2544 nullius
886 2477 969 2544 fidei.
996 2479 1033 2543 In
1049 2479 1203 2560 ejusmodi
1217 2477 1333 2544 scholis

170 2565 297 2647 ‚psrvrrli
319 2563 474 2633 Catholici
495 2569 646 2649 magistro
669 2566 862 2648 Zwingliano
883 2566 1059 2632 instruendi
1082 2567 1330 2644 committuntur,

171 2655 224 2734 qui
259 2654 308 2719 eis
330 2671 450 2735 coram,
474 2655 549 2719 data
570 2655 631 2722 sibi
654 2656 827 2732 occasione,
850 2652 925 2719 fidei
948 2652 1133 2720 Cathohcae
1155 2653 1332 2730 veritatem,

174 2739 294 2807 cultum
322 2741 480 2821 divinum,
511 2742 616 2824 leges,
648 2741 909 2820 consuetudines,
933 2757 975 2806 ss.
998 2747 1204 2818 sacramenta,
1228 2757 1334 2806 coere-

170 2828 296 2895 monias
318 2825 499 2895 Catholicae
520 2829 683 2895 Ecclesiae
714 2830 907 2909 obtrectare,
935 2829 1081 2894 deridere
1112 2834 1146 2895 et
1172 2825 1335 2893 diffamare

168 2932 233 2982 non
270 2917 515 2997 praetermittit,
549 2923 586 2982 ut
617 2914 820 2996 parvulorum
854 2920 974 2981 mentes
1001 2915 1089 2981 falsis
1113 2915 1266 2981 doctrinis
1288 2914 1334 2979 in·

169 2997 273 3079 ficiam
309 3009 342 3067 et
375 3003 489 3084 ecquid
518 3004 695 3085 iniquitatis
718 3004 854 3081 semina,
879 3021 961 3084 quae
983 3004 1122 3086 spargit,
1146 3003 1189 3067 ad
1210 3001 1334 3083 frugem

168 3089 348 3172 iniquitatis
372 3107 553 3157 accrescere
576 3090 718 3156 debent?
741 3090 785 3156 Ut
807 3090 905 3171 iniqui
928 3090 974 3154 illi
989 3090 1188 3172 legislatores
1203 3087 1331 3154 acatho

164 3173 240 3245 licis
263 3174 385 3242 civibus
407 3175 531 3243 facilius
546 3179 726 3257 suaderent,
744 3177 869 3244 scholas
892 3176 950 3242 has
971 3177 1093 3242 mixtas
1115 3178 1181 3242 sire
1203 3174 1334 3242 acatho-

162 3259 253 3332 haas
289 3264 433 3344 religioni
460 3265 675 3345 parvolorum
709 3264 945 3330 Catholicorum
978 3264 1023 3328 nil
1050 3264 1234 3330 detrimenti
1266 3278 1335 3327 esse

159 3353 352 3431 adlaturus
368 3353 504 3432 primum
518 3351 702 3418 Cathohcae
718 3353 883 3418 doctrinae
897 3352 1137 3418 instructionem
1152 3371 1172 3417 a
1187 3349 1335 3435 parochis

158 3438 366 3508 tradendam
396 3440 430 3503 in
462 3439 575 3505 scholis
612 3440 770 3521 primariis
802 3439 1025 3520 admittebant,
1049 3440 1107 3505 sed
1128 3439 1219 3505 brevi
1241 3439 1336 3503 etiam

155 3544 244 3595 eam
280 3524 464 3608 Religionis
496 3528 738 3592 abstractionem
770 3545 788 3591 e
819 3526 934 3592 scholis
968 3526 1185 3605 eliminarunt,
1219 3526 1266 3590 ita
1300 3531 1361 3587 uc

153 3611 333 3683 Catholici
363 3613 487 3696 parvuli
514 3615 546 3679 in
580 3614 696 3680 scholis
726 3614 905 3680 omnimodo
933 3614 1065 3680 arbitrio
1096 3619 1129 3678 et
1160 3613 1336 3678 seductioni

150 3695 388 3780 ludimagistri
421 3700 646 3767 Protestantici
679 3719 810 3783 prorsus
832 3701 954 3781 relicti,
979 3717 1135 3766 summum
1156 3699 1335 3782 periculum

148 3787 388 3870 perversionis
410 3794 444 3851 et
466 3786 650 3854 deiectionis
673 3807 693 3854 a
716 3787 777 3854 fide
801 3787 966 3854 Catholica
988 3789 1125 3854 subeant
1140 3805 1268 3853 necesse
1284 3786 1336 3850 sit.

148 3873 305 3945 Etenim
337 3875 555 3956 quodcumque
587 3876 664 3956 ipsis
702 3895 722 3940 a
750 3875 886 3958 parocho
909 3876 1038 3959 proprio
1061 3877 1094 3940 in
1116 3874 1259 3940 Ecclesia
1280 3890 1338 3953 pa·
1392 3935 1393 3938 ,

149 3959 311 4030 rochiali
344 3979 452 4026 verum
487 3981 525 4027 ao
548 3963 687 4027 divinum
711 3962 858 4042 docetur,
882 3982 901 4028 a
923 3962 1143 4045 ludimagistro
1166 3963 1199 4025 in
1221 3959 1337 4025 scholis

150 4047 293 4118 falsum
316 4053 350 4113 et
372 4048 526 4114 humanae
549 4051 740 4116 inuentionis
761 4049 948 4132 figmentum
971 4050 1159 4128 declaratur,
1184 4053 1216 4112 et
1239 4046 1338 4129 quod·

155 4153 312 4217 cumque
339 4136 386 4200 eis
411 4141 522 4202 sancte
556 4137 727 4203 tenendum
758 4144 790 4203 et
819 4139 871 4219 pie
895 4137 1084 4202 servandum
1106 4137 1139 4201 in
1161 4133 1339 4201 Paroohiah

156 4222 312 4291 aedesio
334 4224 579 4305 commendatur,
602 4225 636 4289 in
658 4224 766 4291 schola
787 4226 885 4290 mixta
906 4224 1005 4289 veluti
1026 4242 1077 4288 res
1092 4223 1162 4288 vilis
1178 4228 1211 4288 et
1226 4240 1337 4304 super-

163 4310 304 4377 stitiosa
331 4311 525 4376 consuetudo
560 4312 779 4377 calumniatur.
834 4311 897 4379 Sed
930 4311 1084 4392 ejusmodi
1113 4311 1247 4377 scholae
1275 4327 1338 4376 non

229 4430 355 4481 Martia,
376 4431 529 4474 Documenta.
557 4431 619 4474 Edit.
634 4431 664 4474 11.
1236 4414 1250 4465 7
