2946 4942
592 303 632 348 nn
656 302 835 351 orscnnmu.
1238 289 1300 350 135

141 448 295 525 gestaque
317 441 444 521 luerint,
461 444 579 508 viribus
596 447 735 508 careant.
759 441 958 506 vicariorum
975 446 1081 506 autem
1097 441 1301 523 generalium,

141 547 220 612 quos
251 529 438 595 honorarius
472 536 606 609 vocant,
640 548 754 593 nomen
789 535 822 593 ct
860 546 935 593 usus
973 547 1102 611 prorsus
1137 528 1304 594 aboleatur

141 617 312 771 pgivtilegiff
336 623 368 681 et
390 636 585 699 quacumque
610 615 837 683 consuetudine
860 617 956 681 etiam
978 617 1220 682 immemorabili
1241 635 1304 682 non

141 723 284 771 osani
305 723 352 769 us.

575 983 606 1062 2.
652 980 880 1085 sonuum)

461 1122 518 1186 DE
544 1121 684 1187 PARVO
707 1121 986 1188 CATECHISMO.

248 1281 306 1345 Pia
341 1281 445 1344 Mater
479 1280 621 1345 Ecclesia
653 1279 766 1360 Sponsi
801 1281 850 1344 sui
886 1280 1058 1345 Salvatoris
1099 1280 1198 1344 nostri
1228 1279 1306 1344 Jesu

145 1367 265 1433 Christi
299 1369 425 1433 monitis
469 1374 564 1448 atque
603 1367 753 1448 exemplis
792 1369 903 1433 edocta
940 1368 1141 1448 praecipuam
1181 1386 1306 1448 semper

143 1474 253 1521 curam
278 1473 314 1519 ac
344 1455 585 1520 sollicitudinem
609 1474 686 1536 erga
712 1473 828 1535 pueros
852 1455 1022 1536 impendit,
1057 1459 1092 1517 ut
1122 1455 1208 1519 lacte
1237 1472 1305 1520 coe-

140 1544 232 1608 lestis
264 1543 427 1608 doctrinae
462 1542 592 1607 enutriti
626 1544 667 1606 ad
696 1561 819 1607 omnem
850 1544 978 1622 pietatis
1002 1543 1157 1606 rationem
1181 1548 1304 1607 mature

142 1629 397 1696 informarentur.
452 1631 534 1693 Hinc
564 1637 767 1694 sacrosancta
800 1630 985 1694 Tridentina
1016 1629 1162 1711 Synodus
1190 1631 1307 1694 nedum

142 1718 310 1800 Episcopis
333 1719 513 1797 mandavit,
538 1723 574 1781 ut
596 1735 710 1797 pueros
733 1717 805 1780 fidei
827 1717 1015 1795 rudimenta,
1040 1724 1074 1780 et
1096 1717 1307 1782 obedientiam

142 1824 221 1888 erga
244 1807 343 1870 Deum
367 1823 403 1870 ac
426 1810 574 1886 parentes
598 1805 766 1885 diligenter
790 1806 895 1869 doceri
918 1807 1113 1887 curareut32)
1138 1806 1194 1869 sed
1217 1804 1297 1869 illud

141 1898 309 1975 praeterea
332 1894 391 1956 sibi
413 1891 592 1956 faciendum
615 1893 748 1972 censuit,
771 1900 808 1956 ut
831 1899 950 1957 certam
974 1893 1112 1973 aliquam
1136 1892 1305 1957 formulam

143 1987 177 2045 et
198 1981 354 2045 rationem
378 1982 522 2044 traderet
546 1980 708 2044 christiani
731 1980 839 2060 populi
864 1981 904 2043 ab
927 1981 1005 2061 ipsis
1029 1978 1103 2045 fidei
1119 1980 1306 2045 rudimentis

141 2067 337 2145 instituendi,
361 2085 453 2148 quam
479 2069 510 2131 in
535 2068 679 2132 omnibus
703 2066 853 2134 Ecclesiis
877 2067 924 2131 illi
948 2075 1165 2148 sequerentur,
1192 2068 1306 2149 quibus

144 2155 280 2237 legitimi
303 2156 441 2238 pastoris
465 2161 498 2219 et
521 2156 659 2220 doctoris
683 2173 797 2219 munus
820 2161 907 2220 esset
929 2156 1148 2238 obeundum.³)
1172 2156 1210 2218 Id
1231 2173 1307 2220 vero

143 2262 216 2309 cum
252 2244 292 2308 ab
327 2244 396 2324 ipsa
427 2248 539 2307 sancta
563 2242 688 2324 Synodo
711 2241 820 2323 perfici
842 2261 904 2308 non
927 2244 1082 2324 potuerit,
1106 2262 1145 2307 ex
1167 2243 1308 2323 eJusdem

142 2335 249 2408 voto4)
274 2330 457 2412 Apostolica
490 2330 568 2394 haec
592 2330 689 2394 Sedes
719 2332 760 2394 ad
783 2336 926 2410 optatum
950 2332 1083 2409 exitum,
1108 2330 1307 2395 Catachismo

143 2419 186 2483 ad
212 2416 372 2483 Parachos
395 2419 428 2481 in
452 2418 555 2482 lucem
579 2418 672 2496 edito,
696 2415 828 2481 feliciter
849 2417 1006 2498 perduxit.
1030 2418 1138 2498 Neque
1161 2417 1213 2482 hic
1237 2435 1307 2482 con·

143 2507 247 2571 stitit:
272 2506 326 2570 sed
350 2505 605 2569 Tridentinorum
629 2506 761 2569 Patrum
783 2506 882 2568 menti
906 2505 1094 2569 cumulatius
1114 2504 1308 2587 respondere

143 2594 292 2675 cupiens,
327 2600 363 2656 ut
386 2612 467 2656 unus
491 2593 638 2673 deinceps
662 2593 807 2672 idemque
835 2593 947 2656 modus
970 2594 1002 2655 iu
1026 2592 1167 2657 docendo
1190 2597 1223 2655 et
1245 2592 1308 2656 dis-

145 2681 244 2747 cendo
280 2680 485 2746 christianam
525 2681 701 2745 doctrinam
739 2680 780 2744 ab
804 2681 948 2745 omnibus
971 2685 1153 2758 teneretur,
1177 2698 1309 2760 parvum

147 2787 271 2850 quoque
287 2787 344 2849 pro
359 2769 465 2848 pueris
487 2767 667 2831 erudiendis
684 2765 960 2847 Catachismurn,a
981 2768 1059 2834 Van.
1077 2766 1171 2835 Card.
1187 2766 1308 2833 Bellar·

150 2858 237 2921 mino
262 2859 331 2937 ipsa
343 2856 474 2938 jubente
489 2861 662 2934 exaratum,
688 2856 885 2936 approbavit,
902 2855 1108 2936 omnibusque
1124 2854 1308 2934 Ordinariis,

147 2943 310 3023 ParochiS,
335 2944 467 3024 aliisque
492 2944 533 3008 ad
556 2962 633 3024 quos
657 2942 826 3024 spectabat
848 2944 937 3006 enixe
960 2943 1237 3027 commendavit.⁵)

255 3031 336 3095 (lum
360 3037 468 3095 autem
490 3032 549 3096 hac
571 3041 681 3095 nostra
704 3034 808 3094 aetate
832 3049 870 3094 ex
892 3031 1015 3109 ingenti
1037 3033 1070 3093 in
1086 3030 1217 3094 diversis
1233 3029 1308 3094 Pro·

145 3120 258 3185 vinciis
295 3124 390 3199 atque
420 3120 517 3183 etiam
539 3119 743 3183 Dioecesibus
766 3135 936 3199 parvorum
959 3115 1229 3183 Catechismorum
1251 3136 1309 3180 nu·

146 3224 235 3272 mero
267 3225 330 3272 uon
363 3206 444 3271 levia
475 3206 550 3271 oriri
573 3206 770 3271 incommoda
794 3212 990 3286 compertum
1013 3206 1073 3282 sit3
1096 3206 1211 3270 idcirco
1234 3203 1308 3284 Nos,

148 3312 239 3361 sacro
271 3295 468 3376 approbante
506 3292 661 3371 Concilio,
696 3296 736 3358 ob
770 3292 878 3357 oculos
900 3293 1017 3356 habitis
1041 3293 1194 3373 imprimis
1216 3310 1308 3373 prae-

148 3383 236 3447 dicto
271 3383 348 3448 Ven.
373 3381 467 3446 Card.
491 3380 675 3445 Bellarmini
707 3378 922 3458 Cataoniam,
954 3384 1022 3444 tum
1056 3383 1153 3445 etiam
1184 3380 1253 3444 ahis
1276 3381 1309 3443 in

146 3470 321 3536 christiano
343 3468 459 3549 populo
482 3470 582 3550 magis
605 3469 800 3549 pervulgatis
824 3465 1040 3548 Catechismis,
1063 3486 1179 3533 novum
1202 3471 1308 3532 aucto·

147 3559 247 3622 ritate
262 3555 381 3621 Nostra
403 3555 502 3621 latina
525 3557 635 3637 hugus
652 3555 899 3621 elucubrandum
916 3556 1104 3634 curabimus,
1122 3573 1183 3636 quo
1200 3571 1308 3619 omnes

62 3703 66 3707 .
148 3650 291 3723 utantur,
309 3645 435 3709 sublata
449 3644 482 3707 in
496 3650 659 3724 posterum
673 3660 844 3724 parvorum
860 3639 1126 3707 Gatechismorum
1143 3643 1308 3707 varietate.

146 3786 357 3795 ...μ-...μη

198 3870 202 3875 -
259 3834 280 3902 ¹)
302 3834 381 3886 Hunc
409 3836 435 3886 in
463 3834 571 3886 modum
593 3834 724 3899 Schema,
753 3835 823 3900 quod
851 3836 965 3889 Concilii
985 3835 1112 3888 Patribus
1133 3834 1310 3887 distributum

147 3914 221 3971 erat,
247 3920 264 3958 a
293 3904 472 3971 deputatione
500 3921 549 3970 pro
575 3905 719 3970 disciplina
749 3905 928 3958 reformatum
957 3913 984 3958 ot
1009 3921 1025 3957 a
1046 3905 1159 3958 Concilii
1179 3903 1306 3955 Patribus

146 3974 769 4111 ρτονίεοῦἰαὸνοταξῗιῗοῗιόῠῗξρηιάετὲὶγ

319 4059 401 4097 εει,
483 4089 489 4100 .
531 4060 574 4097 a.
635 4061 692 4097 .c
739 4060 830 4096 carru.

258 4118 281 4180 ³l
302 4112 374 4167 Sess.
393 4114 491 4166 XXIV.
513 4060 578 4180 θεῖ).
597 4114 657 4167 Vll.
677 4113 721 4165 De
738 4114 857 4180 Reform.
879 4113 989 4167 Catach.
1008 4114 1084 4165 Rom.
1107 4113 1136 4163 ia
1151 4114 1242 4178 praef.

258 4185 281 4248 ⁴)
302 4182 373 4236 Sess.
393 4183 477 4239 XXV.
497 4184 604 4240 Decret.
624 4184 657 4234 de
675 4184 771 4236 Indice
789 4184 930 4247 librorum,
952 4182 1117 4235 Oatccbismo
1136 4190 1184 4235 etc.

258 4253 280 4320 ⁵)
299 4252 381 4306 Clam.
412 4254 483 4306 VlIl.
520 4254 599 4308 Brev.
629 4253 787 4305 Pastorola's
820 4254 860 4306 15.
889 4253 955 4306 Julii
986 4255 1072 4320 1598,
1106 4250 1207 4306 Bened.
1235 4253 1308 4306 XIV.

148 4325 271 4378 conscit.
291 4321 357 4374 Etsi
375 4323 482 4375 minime
502 4327 524 4375 7.
545 4324 626 4379 Febr.
649 4327 723 4376 1742.
