2946 4942
154 305 216 365 118
645 317 813 364 cosronara

152 456 287 521 Mariam
315 455 479 536 Virginem
512 455 628 520 intuitu
655 457 841 520 meritorum
874 455 992 522 Christi
1019 457 1097 522 Jesu
1124 459 1311 539 salvatoris,

153 545 233 608 sicut
262 543 300 607 de
326 548 458 625 peccato
486 561 542 624 per
564 543 801 608 Immaculatam
834 543 1076 626 Conceptionem
1112 547 1209 612 etde
1238 564 1312 612 con·

154 631 344 712 cupiscentia
366 649 423 712 per
445 631 636 711 Virginalem
660 631 906 711 Matemitatem‚
930 634 976 696 ita
1000 632 1039 696 de
1061 633 1187 698 inimica
1209 642 1310 700 morte

153 718 344 800 singularem
372 718 563 798 triumphum
593 718 751 797 retulisse,
782 738 839 799 per
867 719 1076 785 acceleratam
1100 722 1141 784 ad
1165 722 1311 787 similitu·

153 807 256 871 dinem
279 805 352 869 Filii
382 806 436 871 Sui
459 807 746 885 Resurrectionem,
776 807 951 871 firmissime
975 814 1120 873 teneant:
1156 809 1245 888 idco,
1276 816 1310 873 ut

153 895 221 975 ejus
244 893 345 976 gloria
366 911 447 958 novo
463 893 630 974 splendore
653 899 810 973 augeatur
831 896 961 976 ejusque
983 895 1177 975 praesidium
1200 898 1242 961 ad
1265 897 1311 960 in·

152 981 344 1045 terimendas
376 981 523 1045 haereses
556 980 615 1044 hac
651 987 760 1046 nostra
790 981 943 1062 piaculari
975 988 1081 1047 aetate
1116 989 1309 1065 grassantes

153 1067 295 1149 Eamque
330 1073 362 1132 ct
391 1069 494 1132 Deum
528 1067 640 1132 Filium
678 1068 744 1147 ejus
777 1070 977 1150 impetentes
1011 1070 1114 1151 magis
1148 1073 1311 1153 magisque

153 1155 295 1220 Ecclesia
318 1157 504 1235 experiatur,
528 1161 561 1219 et
576 1154 802 1220 Christifideles
818 1162 963 1221 votorum
987 1158 1050 1221 sint
1072 1159 1203 1222 tandem
1228 1177 1311 1223 com-

153 1247 259 1324 potes:
298 1244 468 1323 Deiparam
506 1245 610 1308 anima
647 1249 680 1307 et
713 1261 842 1325 corpore
876 1244 963 1309 coelo
1002 1245 1115 1309 adesse
1152 1247 1312 1311 viventem

154 1331 336 1394 solemniter
366 1331 534 1410 declarari,
568 1331 756 1413 proclamari
789 1336 883 1411 atque
915 1330 1038 1396 definiri
1061 1351 1080 1396 a
1103 1332 1312 1399 sacrosancta

154 1419 308 1482 Vaticana
331 1419 462 1498 synodo,
487 1437 580 1498 quarn
603 1418 822 1481 ardentissime
845 1425 1004 1499 expetunt.
1122 1472 1124 1477 .

249 1556 336 1620 Hcrrc
352 1557 565 1637 postulationi
587 1558 846 1636 subscripserunt
868 1561 909 1620 31
923 1555 1070 1651 Concilio
1091 1557 1219 1626 Patres,

261 1939 338 2004 Cum
362 1938 553 2021 infrascripti
569 1938 700 2005 Consilii
716 1941 861 2004 Vaticani
877 1939 988 2004 Patres
1008 1940 1099 2020 juxta
1121 1947 1312 2022 perpetuum

154 2028 319 2109 utriusque
342 2027 504 2092 Ecclesiae
527 2045 654 2092 sensum
678 2034 709 2092 ct
725 2028 926 2092 traditionem
952 2029 1162 2092 venerandam
1177 2028 1312 2094 Beatam

118 2156 120 2169 .
156 2115 289 2180 Mariam
319 2116 480 2194 Virginem
514 2116 630 2178 intuitu
658 2117 841 2180 meritorum
870 2114 988 2180 Christi
1021 2115 1098 2180 lesu
1126 2115 1312 2194 Salvatoris‚

156 2205 237 2266 sicut
261 2202 300 2266 de
323 2208 452 2283 peccato
485 2221 541 2282 per
564 2201 799 2266 Immaculatam
823 2200 1081 2282 Conceptionem,
1116 2208 1148 2266 et
1176 2204 1217 2268 de
1241 2221 1311 2268 con·

156 2290 345 2371 cupiscentia
360 2308 418 2370 per
434 2289 624 2370 Virginalem
641 2289 885 2371 hlaternitatcm,
902 2290 949 2352 ita¹
964 2294 997 2354 et
1012 2290 1052 2355 de
1066 2290 1194 2354 inimica
1210 2297 1312 2356 morte

154 2377 345 2458 singularem
373 2376 566 2458 triumphum
594 2377 739 2441 retulisse
766 2395 823 2457 per
858 2376 1067 2441 acceleratam
1095 2378 1136 2442 ad
1167 2378 1312 2443 similitu·

155 2465 258 2530 dinem
286 2464 357 2528 Filii
381 2465 436 2530 Sui
465 2465 736 2529 Resurrectionem
768 2464 946 2528 firmissime
975 2470 1123 2529 teneant:
1158 2465 1246 2544 ideo,
1279 2469 1316 2528 nt

155 2553 221 2632 ejns
255 2551 354 2632 gloria
381 2570 462 2616 novo
493 2550 658 2632 splendore
684 2557 853 2633 augeatur,
886 2552 1016 2633 ejusque
1046 2552 1240 2633 praesidium
1272 2551 1312 2617 ad

153 2639 379 2704 interimendas
410 2639 556 2703 haereses
587 2639 645 2703 hac
668 2646 776 2704 nostra
805 2638 959 2721 piaculari
991 2643 1097 2703 aetate
1119 2645 1312 2722 grassantes,

154 2728 296 2807 Eamque
329 2733 361 2791 et
395 2726 496 2790 Deum
520 2725 633 2790 Filium
662 2744 753 2790 suurn
781 2727 982 2808 impetentes
1017 2728 1119 2808 magis
1148 2729 1314 2809 magisque

155 2815 345 2895 experiatur,
378 2819 411 2878 ct
443 2811 669 2878 Christifideles
700 2819 844 2879 votorum
872 2813 937 2879 sint
972 2815 1100 2879 tandem
1132 2821 1312 2897 compotes3

155 2901 324 2981 Deiparam
349 2901 456 2964 anima
483 2907 516 2964 et
539 2919 668 2981 corpore
691 2901 778 2966 coelo
810 2900 921 2965 adesse
944 2901 1101 2965 viventem
1129 2901 1314 2967 solemniter

155 2987 322 3065 declarari,
357 2987 561 3069 proclamari,
595 2994 689 3069 atoue
719 2987 841 3053 definiri
868 3007 888 3053 a
918 2987 1128 3053 Sacrosancta
1156 2989 1313 3054 Vaticana

154 3075 289 3158 Synodo·
302 3094 395 3156 quam
420 3076 640 3141 ardentissime
663 3083 822 3157 expetunt.

258 3215 344 3280 Huic
361 3215 573 3296 postulationi
595 3215 853 3295 subscripserant
875 3218 895 3279 5
921 3213 1058 3279 Concidit
1080 3213 1206 3279 Patres.

260 3599 341 3666 Cum
361 3601 446 3666 inter
468 3617 516 3677 ea,
539 3617 619 3680 quae
641 3599 828 3664 universalis
843 3597 988 3663 Ecclesia
1006 3597 1163 3664 credenda
1186 3615 1314 3682 semper

154 3688 294 3766 retinuit,
319 3706 357 3752 ac
380 3685 497 3752 Christi
519 3685 628 3752 fideles
651 3686 788 3751 maxima
811 3687 976 3751 devotione
999 3686 1140 3751 venerati
1162 3692 1248 3763 sunt,
1272 3686 1312 3749 sit

154 3774 233 3839 illud
256 3774 348 3839 finale
371 3775 568 3856 privilegium
592 3774 797 3840 Beatissimae
813 3774 952 3854 Virginis
968 3771 1080 3838 Matris
1104 3773 1163 3837 Dei
1179 3772 1311 3852 Mariae,

155 3881 194 3928 cx
216 3881 277 3943 quo
301 3861 452 3940 creditur,
484 3861 579 3943 quod,
614 3862 697 3927 sicut
720 3879 740 3926 a
762 3861 845 3941 Deo,
878 3861 931 3940 qui
954 3859 1066 3924 Eidem
1079 3857 1164 3924 ¹fecit
1188 3877 1312 3941 roagna,

155 3950 313 4016 custodita
335 3948 395 4014 fuit
416 3967 435 4013 a
458 3950 658 4031 corruptione
687 3949 808 4031 peccati
830 3948 861 4012 in
884 3948 953 4029 ipso
976 3964 1033 4012 suo
1055 3947 1157 4029 primo
1179 3947 1313 4013 introitu

157 4037 333 4119 advitam,
364 4038 410 4102 sic
437 4043 470 4102 et
491 4037 523 4101 in
546 4034 627 4101 felici
655 4055 712 4101 suo
734 4035 829 4114 exito,
853 4036 894 4101 ob
917 4035 1126 4100 reverentiam
1149 4034 1312 4116 virgineae

155 4125 268 4204 carnis,
291 4142 330 4189 cx
352 4142 414 4207 qua
435 4142 561 4189 carnem
575 4126 718 4206 sumpsit,
741 4140 761 4188 a
784 4121 982 4204 corruptione
996 4123 1137 4204 corporis
1153 4127 1313 4187 servatam

154 4212 333 4290 immunem,
354 4212 430 4292 quin
459 4217 567 4276 tamen
588 4210 732 4277 Ecclesia
753 4209 879 4275 Docens
910 4209 969 4275 hoc
992 4209 1031 4275 de
1054 4207 1117 4274 fide
1141 4208 1313 4286 definierim

154 4297 349 4379 infrascripti
378 4296 468 4363 Sacri
494 4298 642 4363 Vaticani
672 4295 803 4363 Concilii
833 4296 961 4376 Patres
993 4296 1036 4362 ad
1058 4298 1212 4380 majorem
1242 4295 1316 4374 Dei,
