2946 4942
531 292 570 337 nu
594 291 664 338 uruu
687 291 862 341 curnomcn.
1235 280 1270 340 11

115 429 239 509 tinere,
274 434 469 496 revertentes
498 431 657 512 amplecti,
692 429 877 495 confirmare
906 432 1003 496 honos
1027 432 1121 496 etad
1144 432 1275 496 meliora

117 516 290 596 provehere
319 524 432 598 parata
459 536 584 598 semper
618 524 651 583 et
684 519 805 583 intenta
840 524 898 585 est.
958 518 1157 600 Quapropter
1188 519 1274 584 nullo

117 610 259 684 tempore
282 625 301 668 a
325 606 383 670 Dei
407 606 557 685 veritate,
592 625 672 686 quae
695 611 787 670 sanat
809 607 926 684 omnia,
958 607 1105 671 testanda
1128 613 1160 672 et
1182 624 1275 687 prae-

114 691 253 757 dicanda
268 693 427 773 quiescere
443 699 556 774 potest,
575 694 633 758 sibi
650 694 768 758 dictum
786 712 853 758 esse
869 712 932 758 non
947 695 1107 774 ignorans:
1131 694 1275 774 Spiritus

117 799 212 856 nomos,
237 782 419 862 quiescite
442 787 478 859 te,
502 784 532 845 et
553 781 648 845 cerda
670 801 748 861 meo,
772 803 850 863 qaae
866 781 966 862 posui
987 782 1023 844 in
1046 802 1099 846 orc
1122 786 1184 858 luo,
1208 801 1273 847 non

116 867 263 932 recedent
285 868 324 932 de
347 889 400 934 ore
423 875 476 932 tao
498 869 610 932 arraudo
633 873 662 931 ct
684 889 782 950 uapore
805 869 838 932 iu
862 870 1132 948 sempiternam)

222 954 288 1019 Nos
300 956 415 1037 itaque,
430 956 630 1020 inhaerentes
637 956 919 1021 Praedecessorum
929 956 1115 1021 Nostrorum
1125 955 1275 1036 vestigiis

115 1059 174 1120 pro
203 1059 351 1123 supremo
381 1044 495 1109 Nostro
519 1043 699 1124 Apostolico
730 1062 860 1108 munere
896 1044 1059 1108 veritatem
1090 1042 1275 1108 catholicam

116 1128 229 1193 docere
264 1150 301 1194 ac
334 1133 430 1209 tueri,
464 1149 689 1212 perversasque
724 1132 884 1197 doctrinas
914 1132 1084 1212 reprobare
1115 1148 1275 1211 nunquam

117 1216 352 1282 intermisimus.
390 1220 481 1284 Nunc
497 1224 603 1282 autem
627 1219 809 1284 sedentibus
825 1219 994 1284 Nobiscum
1011 1223 1043 1282 et
1062 1218 1275 1300 judicantibus

117 1304 255 1368 universi
284 1306 368 1369 orbis
391 1307 568 1388 Episcopis,
603 1307 636 1370 iu
659 1307 741 1371 hanc
768 1308 999 1371 oecumenicam
1023 1303 1180 1387 Synodum
1204 1323 1275 1371 auc·

117 1392 249 1456 toritate
271 1392 389 1458 Nostra
412 1396 443 1458 in
467 1394 585 1474 Spiritu
609 1395 724 1459 Sancto
747 1395 954 1476 congregatis,
978 1392 1076 1457 innixi
1099 1393 1158 1456 Dei
1180 1394 1275 1458 verbo

116 1479 235 1559 scripto
260 1486 291 1544 et
306 1481 433 1560 tradito,
458 1488 552 1562 prout
568 1483 607 1547 ab
624 1481 768 1546 Ecclesia
791 1481 944 1546 catholiea
960 1486 1069 1545 sancte
1085 1478 1276 1545 custoditum

116 1571 150 1629 et
183 1569 317 1647 genuine
354 1570 529 1649 expositum
565 1571 754 1650 accepimus
793 1588 829 1633 ex
864 1569 923 1634 hac
945 1568 1032 1632 Petri
1055 1566 1212 1633 Cathedra
1243 1567 1275 1630 iu

116 1661 288 1734 conspectu
328 1658 465 1721 omnium
500 1657 671 1721 salutarem
707 1656 825 1720 Christi
863 1655 1035 1722 doctrinam
1068 1653 1226 1737 profiteri
1245 1660 1276 1719 et

116 1741 283 1807 declarare
300 1746 528 1823 constituimus
554 1745 696 1808 adversis
712 1745 870 1808 erroribus
886 1748 1043 1825 potestate
1059 1742 1148 1807 uobis
1172 1761 1191 1806 a
1208 1741 1275 1807 Deo

86 1849 91 1859 “
116 1828 236 1894 tradita
259 1832 441 1913 proscriptis
466 1840 562 1913 atque
586 1833 750 1896 damnatis.

603 2023 738 2090 CAPUT
761 2025 786 2089 1.

364 2164 438 2261 ‘De
460 2164 530 2230 Deo
553 2186 662 2229 rerum
685 2165 824 2229 emerium
849 2163 1006 2230 Creatorc.

224 2301 341 2369 Sancta
372 2302 536 2370 catholica
564 2305 745 2387 Apostolica
776 2307 919 2370 Romana
942 2303 1084 2368 Ecclesia
1114 2302 1213 2366 credit
1243 2306 1276 2366 et

115 2388 304 2470 confitetur,
341 2411 436 2456 unum
467 2410 536 2457 csse
558 2393 659 2458 Deum
690 2411 798 2457 verum
829 2398 861 2457 et
889 2392 1008 2468 virum,
1032 2389 1215 2455 Creatorem
1238 2407 1275 2454 ao

116 2477 286 2542 Dominum
310 2479 389 2544 coeli
411 2485 442 2544 et
459 2486 574 2559 terrae,
599 2481 855 2562 omnipotentem,
881 2484 1053 2557 aetenuum,
1079 2478 1274 2553 immensum,

115 2565 472 2647 incomprehensibilem,
497 2568 657 2632 intellectu
681 2587 717 2632 ac
733 2568 893 2632 voluntate
916 2565 1063 2647 omnique
1085 2562 1275 2646 perfectione

114 2652 290 2733 infinitum3
326 2656 379 2735 qui
410 2674 480 2720 cum
509 2658 550 2721 sit
573 2674 635 2720 una
658 2656 836 2735 singularis,
870 2654 1000 2734 simplex
1024 2653 1149 2718 omnino
1173 2657 1206 2716 et
1228 2653 1276 2715 in·

115 2741 349 2807 commutabilis
384 2744 561 2808 substantia
594 2742 783 2824 spiritualis,
823 2742 1054 2824 praedicandus
1095 2744 1142 2803 est
1175 2758 1210 2803 re
1244 2743 1276 2803 et

115 2829 256 2893 essentia
279 2848 298 2895 a
321 2831 436 2895 mundo
466 2830 649 2911 distinctus,
685 2832 716 2894 in
744 2848 778 2895 se
807 2835 839 2894 et
866 2848 905 2894 cx
932 2846 965 2893 sc
992 2828 1208 2907 beatissimum
1243 2831 1275 2891 et

117 2932 214 2995 super
247 2917 364 2998 omnia,
400 2937 480 2999 quae
509 2924 635 3001 praeter
668 2919 771 3001 ipsum
805 2922 879 2981 sunt
913 2921 945 2981 et
979 2916 1099 2996 concipi
1131 2919 1272 2995 possunt,

114 3000 316 3068 ineffabiliter
337 3004 488 3072 excelsus.

223 3090 283 3156 Hic
305 3093 390 3157 solus
413 3111 507 3158 verus
523 3093 608 3159 Deus
632 3093 771 3159 bonitate
794 3110 853 3156 sua
876 3098 907 3157 ct
930 3090 1135 3172 omnipotenti
1157 3091 1275 3154 virtute

117 3194 179 3242 non
212 3179 254 3243 ad
282 3181 458 3261 augendam
487 3198 577 3245 suam
606 3181 847 3260 beatitudinem,
883 3198 941 3244 nec
969 3180 1010 3243 ad
1041 3177 1274 3258 acquirendam,

117 3265 173 3330 sed
214 3266 256 3331 ad
289 3267 552 3333 manifestandam
585 3268 810 3350 perfectionem
844 3285 935 3332 suam
964 3285 1023 3348 per
1056 3265 1157 3339 bona,
1193 3282 1274 3346 quac

116 3355 273 3418 creaturis
296 3355 483 3436 impertitur,
507 3356 666 3421 liberrimo
689 3356 817 3420 consilio
833 3355 924 3420 simul
948 3355 989 3418 ab
1012 3355 1100 3417 initio
1124 3352 1274 3434 temporis

117 3443 284 3521 utramque
307 3442 346 3506 de
369 3442 467 3507 nihilo
490 3443 628 3508 condidit
651 3450 843 3521 creaturam,
878 3441 1072 3524 spiritualem
1106 3445 1138 3504 et
1166 3457 1274 3520 corpo-

116 3525 230 3609 ralem,
263 3530 437 3609 angelicam
464 3530 609 3596 videlicet
632 3535 664 3595 et
686 3531 886 3610 mundanam,
909 3549 947 3594 ac
971 3529 1083 3594 deinde
1106 3527 1274 3591 humanam

116 3617 208 3695 quasi
231 3634 427 3682 communem
452 3636 490 3682 ex
513 3619 626 3699 spiritu
648 3625 683 3683 et
705 3636 835 3699 corpore
858 3617 1104 3696 constitutam.²)

222 3703 378 3770 Universa
393 3724 477 3784 vero,
501 3723 580 3786 quae
596 3705 743 3784 condidit,
767 3705 853 3769 Deus
868 3705 1065 3786 providentia
1088 3721 1145 3767 sua
1167 3708 1275 3767 tuetur

118 3794 214 3871 atque
237 3791 405 3873 gubernat,
441 3793 601 3875 attingens
624 3812 643 3857 a
666 3791 727 3858 fine
750 3811 849 3867 usque
873 3793 913 3856 ad
942 3791 1037 3856 finem
1069 3789 1208 3867 fortiter,
1242 3795 1275 3854 et

119 3876 287 3961 disponens
310 3880 416 3944 omnia
439 3882 619 3957 suaviterfi)
666 3881 778 3946 Omnia
801 3881 882 3944 enim
906 3879 991 3944 nuda
1014 3885 1046 3944 et
1068 3882 1179 3959 aperta
1201 3883 1275 3940 sunt

115 3965 216 4114 paulis
250 3968 377 4050 ejus,4)
417 3986 455 4033 ea
489 3970 600 4048 etiam,
640 3987 720 4050 quae
754 3968 855 4033 libera
895 3973 1111 4032 creaturarum
1151 3965 1275 4030 aetionc

131 4057 225 4116 utura
249 4058 331 4118 suut.

115 4178 326 4190 ·——-————-—

224 4229 249 4366 3}
266 4230 303 4354 ¹s⁸
320 4229 459 4353 civiliumi
533 4205 536 4211 ’
578 4229 602 4368 3
618 4228 703 4354 Spu&
720 4229 818 4353 lma&
835 4227 883 4352 11v3.
901 4243 925 4282 ο,
946 4226 970 4284 1.
988 4226 1128 4280 nomon.

288 4315 331 4368 ap.
419 4341 425 4353 ·
462 4338 470 4355 ο
653 4340 659 4352 .
705 4315 761 4354 er.
819 4339 826 4353 .
882 4339 887 4352 .
