2946 4942
152 303 193 362 70
648 317 816 365 sosannim

181 522 387 589 RATIONES
411 524 466 590 ΟΒ
489 525 598 602 QUAS
621 524 735 589 HAEC
757 524 1002 591 PROPCSITIO
1026 524 1278 593 OPPORTUNA
1363 530 1366 535 '

436 629 490 692 ET
513 627 774 695 NECESSARIA
798 628 1028 696 CENSETUR.
1277 620 1290 647 ’

256 770 388 834 Romani
404 768 573 847 Pontifiois,
596 771 683 834 beati
699 770 786 835 Petri
801 770 945 853 Apostoli
968 772 1170 850 successoris,
1194 772 1230 836 in
1243 772 1310 836 nni·

151 944 326 1026 magisterii
347 946 504 1025 primatus
527 945 559 1008 in
582 945 679 1009 sacris
700 945 871 1026 Scripturis
894 954 1004 1027 aperte
1027 946 1170 1012 docetur.

256 1032 451 1098 Universalis
475 1040 507 1096 et
530 1038 676 1098 constans
695 1032 858 1098 Ecclesiae
879 1034 1008 1098 traditio
1031 1039 1100 1097 tum
1121 1032 1218 1098 iactis
1240 1038 1306 1097 tum

151 1125 331 1184 sanctorum
354 1119 483 1183 Patrnm
509 1118 620 1191 effatis,
645 1128 712 1184 tum
736 1119 941 1201 plurimorum
966 1120 1188 1201 Consiliorum,
1213 1120 1306 1185 etiam

152 1207 429 1285 oecumenicorum,
462 1216 494 1271 et
518 1207 631 1287 agendi
663 1216 696 1271 et
718 1207 865 1289 loquendi
887 1209 1009 1272 ratione
1032 1207 1140 1287 docet,
1172 1208 1307 1273 Romami

151 1293 312 1360 Pontificis
324 1294 443 1374 judicia
458 1295 498 1359 de
520 1294 595 1359 fidei
609 1314 794 1376 morumque
810 1295 955 1360 doctrina
969 1294 1215 1361 irreformabilis
1230 1312 1310 1361 esse.

257 1381 529 1447 Consentientibus
553 1381 682 1447 Graecis
706 1388 737 1446 et
757 1382 888 1463 Latinis,
912 1384 944 1447 in
968 1381 1104 1447 Concilio
1127 1382 1159 1447 ll
1180 1382 1308 1465 Lugdu·

152 1471 240 1534 nensi
263 1469 400 1533 admissa
422 1470 573 1550 professio
597 1468 669 1534 fidei
693 1477 750 1547 est,
775 1472 806 1534 in
830 1489 892 1551 qua
911 1470 1108 1536 declaratur:
1135 1468 1309 1549 ,Sobortas

152 1557 191 1620 de
214 1556 275 1621 lide
299 1558 528 1622 controversias
552 1557 666 1622 debere
681 1556 814 1621 Romani
829 1557 988 1622 Pontificis
1007 1557 1128 1639 judicio
1152 1557 1306 1623 deliniri!

151 1645 188 1708 In
202 1642 385 1708 Florentino
407 1644 515 1709 itidem
539 1645 742 1709 oecumenica
757 1644 881 1728 Synodo
898 1644 1059 1709 definitum
1083 1648 1149 1709 est:
1175 1646 1312 1725 ,Roma-

152 1752 225 1796 num
241 1730 423 1796 Pontificem
446 1750 514 1797 csse
530 1751 638 1797 verum
654 1731 772 1797 Christi
788 1732 957 1812 Vicarium,
973 1733 1134 1813 totiusque
1147 1730 1314 1799 Ecclesiae

152 1827 256 1901 caput,
280 1826 314 1883 et
336 1820 475 1882 omnium
506 1819 748 1884 cluistianorum
770 1826 895 1901 patrem
925 1826 957 1884 ct
980 1819 1159 1897 doctorem3
1195 1824 1230 1885 et
1249 1818 1309 1901 ipsi

152 1907 183 1970 in
216 1906 310 1971 beato
332 1906 428 1970 Petro
459 1908 620 1988 pascendi,
655 1908 785 1987 regendi
807 1926 844 1973 ac
875 1907 1073 1988 gubernandi
1096 1906 1309 1973 universalem

152 1992 324 2059 Ecclesiam
349 2013 368 2058 a
391 1994 525 2058 Domino
552 2002 661 2059 nostro
691 1994 768 2058 Jesu
801 1993 926 2059 Christo
957 1994 1083 2075 plenam
1113 2000 1311 2077 potestatem

151 2082 304 2146 traditam
327 2087 425 2146 esse.“
473 2082 548 2162 Ipsa
570 2100 694 2162 qnoque
718 2100 794 2147 sana
816 2083 898 2146 ratio
915 2083 1016 2155 docet,
1040 2082 1201 2147 neminem
1224 2088 1312 2147 stare

151 2189 244 2251 posse
274 2169 307 2232 in
334 2169 406 2232 fidei
429 2171 645 2234 communione
675 2188 746 2234 cum
777 2170 919 2235 Ecclesia
949 2169 1117 2247 catholica,
1153 2169 1211 2251 qui
1242 2170 1309 2253 ejus

152 2259 246 2339 capiti
268 2275 332 2320 non
355 2256 541 2337 consentiat,
576 2275 670 2337 quum
702 2276 740 2322 ne
764 2257 955 2340 cogitatione
982 2257 1107 2338 quidem
1129 2255 1311 2323 Ecclesiam

151 2364 251 2410 asno
275 2343 377 2424 capite
400 2361 549 2424 separare
571 2343 673 2408 liceat.

256 2432 403 2496 Attamen
427 2431 554 2495 fuerunt
575 2436 669 2513 atque
688 2431 864 2496 adhucdum
888 2436 971 2510 sunt,
994 2432 1056 2513 qui,
1081 2430 1310 2497 catholicorum

150 2521 276 2585 nomine
292 2519 473 2601 gloriantes
498 2536 597 2599 eoque
613 2519 708 2583 etiam
731 2519 772 2582 ad
795 2518 990 2583 infirmorum
1004 2521 1036 2583 iu
1058 2516 1121 2583 fide
1136 2518 1307 2601 perniciem

150 2608 327 2681 abutentes,
351 2606 464 2671 docere
479 2612 692 2687 praesumant,
717 2625 787 2671 eam
809 2606 951 2671 sulficere
975 2606 1217 2671 submissionem
1233 2624 1308 2689 erga

150 2695 283 2761 Romani
306 2693 478 2759 Pontificis·
497 2694 733 2772 auctoritatem,
765 2712 826 2774 qua
848 2695 916 2776 ejus
939 2695 977 2759 de
1008 2692 1071 2758 fide
1101 2694 1312 2775 moribusque

150 2784 277 2848 decreta
292 2782 486 2862 obsequioso,
502 2785 538 2845 ut
553 2781 651 2863 ajunt,
667 2781 800 2861 silentio,
818 2783 884 2845 siue
899 2781 1024 2847 interno
1034 2782 1150 2846 mentis
1165 2798 1305 2859 assensn,

150 2870 201 2935 vel
222 2869 393 2952 provisoris
415 2874 549 2947 tanturn,
573 2869 747 2950 usquedum
771 2869 810 2933 de
833 2868 993 2934 Ecclesiae
1016 2886 1148 2934 amensa
1170 2868 1224 2934 vel
1245 2868 1308 2933 dis

151 2975 246 3023 sensu
270 2956 457 3034 constiterit,
482 2956 703 3037 suscipiantur.

255 3044 360 3109 Hacce
381 3061 477 3125 porro
499 3061 650 3125 perversa
672 3044 816 3109 doctrina
830 3043 965 3109 Romani
985 3041 1147 3108 Pontificis
1168 3042 1313 3109 auctori·

150 3140 250 3197 tatem
285 3131 437 3210 subverti,
472 3129 545 3195 fidei
575 3132 729 3196 unitatem
765 3132 927 3214 dissipari,
966 3130 1126 3195 erroribus
1161 3148 1308 3213 campum

151 3220 376 3300 amplissimum
411 3218 540 3299 aperiri,
574 3225 761 3300 tempusque
792 3219 858 3284 lale
892 3218 1038 3301 serpendi
1070 3217 1183 3298 tribui,
1214 3236 1307 3282 nemo

149 3327 211 3374 non
234 3307 330 3372 videt.

255 3394 362 3471 ,Quare
386 3393 540 3474 Episcopi,
565 3393 736 3459 catholicae
762 3394 908 3458 veritatis
930 3392 1078 3457 custodes
1091 3396 1135 3457 =et
1156 3392 1307 3471 vindices,

151 3483 200 3548 bis
223 3482 419 3565 potissimum
443 3482 636 3563 temporibus
661 3482 781 3547 connisi
803 3487 886 3560 suut,
909 3485 945 3544 ut
966 3497 1149 3563 supremam
1170 3478 1314 3562 Aposto—

149 3570 230 3635 licae
251 3568 341 3634 Sedis
357 3567 490 3633 docendi
512 3570 732 3635 auctoritatem
748 3567 951 3651 synodalibus
966 3566 1154 3650 praesertim
1169 3566 1309 3633 decretis

152 3664 185 3721 et
207 3656 422 3723 communibus
446 3656 633 3721 testimoniis
656 3662 829 3723 tuerentur.
843 3658 868 3738 ¹)

256 3742 325 3820 Quo
357 3743 533 3808 evidentius
564 3761 638 3808 vero
661 3743 816 3810 catholica
844 3744 962 3808 veritas
983 3740 1243 3825 praedicabatur,
1271 3758 1314 3807 eo

150 3831 377 3910 vehementius,
404 3838 471 3894 tam
492 3830 607 3896 libellis
630 3851 725 3912 qoam
748 3830 1016 3914 ephemeridibus,
1045 3828 1231 3910 nuperrime
1252 3828 1315 3894 im·

150 3923 293 4000 pugnata
322 3923 383 3996 est,
418 3924 454 3980 ut
484 3916 656 3984 catholicus
678 3919 813 4000 populus
848 3924 956 3984 contra
990 3934 1099 3982 sanam
1130 3916 1311 3983 doctrinam

151 4010 416 4083 commoveretur,
449 4004 580 4085 ipsaque
614 4005 768 4071 Vaticana
801 4005 946 4088 Synodus
979 4004 1020 4070 ab
1056 4020 1096 4069 ea
1129 4002 1318 4071 delinienda

150 4093 389 4159 absterreretur.

260 4317 282 4387 ¹)
301 4317 386 4372 Plura
404 4318 538 4386 ejusmodi
554 4319 714 4374 testimonia
731 4319 758 4372 in
776 4319 937 4387 appendice
954 4318 1073 4373 collecta
1090 4328 1166 4373 sunt.
