2946 4942
693 308 861 356 POSTULATA

753 516 793 579 ΙΙ.

485 654 613 719 Genera
635 655 810 719 mixtorum
833 654 1068 720 connubiorum.

301 794 373 859 Jam
388 808 463 858 vero
479 794 659 859 intucamur
675 800 801 876 oportet
817 794 941 858 diversa
956 793 1229 857 matrimoniorum
1244 790 1356 856 horum

192 900 322 964 genera,
346 900 408 962 quo
441 879 564 946 facilius
587 881 743 961 quaedam
771 881 911 945 remedia
935 888 1044 945 contra
1073 880 1190 944 malum
1215 884 1355 943 statuere

196 970 288 1035 nohis
312 969 483 1050 contingat.

303 1060 332 1122 1.
367 1053 606 1120 Concluduntur
633 1055 718 1135 apud
741 1072 798 1118 nos
829 1054 915 1137 (raro
940 1060 1049 1119 tamen
1079 1053 1236 1135 exemplo)
1260 1053 1356 1117 mixta

194 1143 406 1218 matrimonia,
439 1160 571 1223 quorum
594 1161 657 1206 una
680 1141 820 1207 alterave
844 1143 1013 1223 conjugum
1034 1160 1109 1223 pars
1132 1141 1357 1220 impedimento

192 1230 365 1313 ltpaactais
386 1230 539 1294 obstricta
562 1235 619 1308 est,
647 1231 711 1294 sive
736 1229 784 1292 vir
806 1228 1000 1293 acatholicus
1024 1229 1151 1293 vivente
1174 1227 1282 1292 adhuc
1305 1245 1360 1291 sua

196 1336 293 1382 uxore
307 1335 391 1381 'cum
414 1316 478 1381 alia
512 1316 665 1381 catholica
686 1316 788 1380 libera
816 1316 1051 1380 matrimonium
1081 1314 1133 1380 vel
1157 1314 1265 1397 potius
1291 1332 1361 1379 con·

197 1405 378 1469 cubinatum
401 1404 612 1468 adulterinum
635 1405 730 1482 ineat,
754 1405 819 1468 sive
842 1401 954 1468 mulier
977 1401 1159 1482 acathahca,
1186 1401 1379 1483 superstite

198 1491 301 1556 adhuc
333 1509 389 1554 suo
421 1492 521 1573 primo
545 1490 672 1570 marito,
706 1492 774 1555 viro
802 1491 956 1556 catholico
988 1490 1141 1570 nupserit.
1194 1485 1390 1571 Ejusmodi

198 1580 349 1661 conjuges
384 1596 490 1642 coram
523 1578 666 1642 ministra
698 1576 871 1647 acatholico
903 1576 1052 1642 adulterii
1080 1577 1130 1641 sui
1165 1577 1423 1642 consortiari)

192 1666 383 1748 plerumque
407 1667 525 1744 ineunt,
548 1666 581 1730 in
599 1664 668 1746 jugi
684 1665 839 1730 adulterio
857 1664 1048 1744 cohabitant,
1072 1665 1187 1731 liberos
1212 1681 1291 1728 snos
1317 1650 1433 1728 vel

196 1755 267 1819 sine
288 1753 441 1834 religione
470 1752 520 1816 vel
548 1753 581 1817 in
605 1754 862 1833 protestantismo
892 1753 1038 1816 educant.
1096 1750 1178 1827 Quid
1209 1750 1250 1816 ad
1280 1769 1440 1816 com-⁶

198 1840 396 1922 primmdum
419 1838 601 1904 scandalum
626 1844 735 1904 contra
758 1838 946 1905 catholicam
969 1839 1122 1919 ejusmodi
1143 1837 1444 1920 conjugiorurr‘]

193 1933 324 2006 partera
347 1927 412 1991 sive
433 1927 482 1990 vir
506 1927 571 1990 sive
594 1926 707 1991 mulier
730 1927 772 1990 sit
796 1926 941 1991 catholici
964 1926 1109 2005 nominis,
1132 1923 1445 1990 Ecclesiasticffi

197 2014 393 2079 auctoritate
416 2014 646 2079 decernendum
675 2021 707 2077 et
737 2013 977 2095 exequendum?
1027 2012 1108 2078 Sane
1137 2012 1292 2077 solemnis
1319 2032 1443 2104 ex-—ss

199 2102 489 2167 communicationis
517 2119 620 2181 poena
649 2100 804 2180 ejusmodi
835 2101 984 2182 conjuges
1016 2100 1164 2165 catholici
1186 2099 1359 2164 mulctand
1417 2110 1439 2155 ]

199 2194 282 2253 sunt.
333 2187 396 2252 Sed
419 2188 545 2252 diversa
577 2193 625 2252 est
660 2187 887 2269 Episcoporum
911 2188 943 2253 in
977 2206 1013 2252 eo
1036 2188 1155 2269 praxis,
1184 2191 1218 2251 et
1246 2185 1434 2252 unitor-

200 2275 293 2340 mitas
316 2275 430 2356 agendi
457 2293 611 2356 perquam
634 2277 813 2341 necessaria
836 2279 933 2355 esset,
967 2279 1137 2340 utcontra
1160 2278 1428 2339 contumaceffi

201 2363 279 2428 ordo
303 2361 468 2428 Ecclesiae
490 2363 609 2427 servari
631 2364 741 2443 possit.

307 2454 336 2516 2.
366 2449 445 2514 Sunt
469 2450 563 2514 etiam
586 2449 732 2515 catholici
756 2449 862 2532 spousi
878 2449 1041 2530 utriusque
1063 2455 1163 2526 sexus,
1187 2447 1243 2529 qui
1266 2449 1412 2514 mixta

199 2537 403 2602 matrimonia
430 2537 541 2602 ineunt
564 2538 630 2602 sine
652 2539 795 2618 praecia
818 2537 1057 2616 dispensatione
1080 2538 1192 2600 coram
1211 2534 1400 2602 ministro

191 2625 425 2705 protestantur
449 2626 507 2689 sub
530 2622 696 2688 manifesto
720 2625 888 2705 potestatis
912 2623 1149 2689 ecclesiasticae.
1168 2626 1395 2704 contemptu.

200 2710 365 2790 Ejusmodi
388 2713 537 2794 conjuges
560 2730 669 2777 omnes
698 2731 735 2776 ex
758 2712 956 2777 matrimonio
979 2729 1036 2775 sno
1059 2710 1236 2774 exoriturae
1254 2709 1393 2791 protes

201 2797 258 2862 abs
282 2798 427 2862 ministro
463 2798 635 2863 acatholica
659 2799 823 2879 baptizari
858 2802 889 2862 et
919 2799 954 2861 ia
987 2796 1178 2863 heterodoxo
1209 2795 1392 2878 relicinae

202 2885 334 2949 educari
350 2884 547 2964 permittant
575 2884 627 2949 vel
658 2891 786 2963 curant3
822 2883 923 2950 officia
952 2885 1026 2949 dein
1056 2882 1217 2965 religionis
1253 2883 1392 2965 cuique

196 2970 318 3036 homini
343 2971 497 3036 catholico
521 2990 611 3037 sacra
634 2977 667 3036 et
682 2973 844 3038 Ecclesiae
866 2971 1062 3055 praescripta
1078 2970 1245 3051 negligimt
1269 2975 1390 3053 atque

200 3077 259 3124 nec
282 3059 452 3124 catholicos
475 3078 533 3125 nec
556 3065 779 3141 protestantes,
804 3060 859 3124 scd
882 3058 967 3124 omni
989 3057 1141 3140 religione
1165 3062 1314 3122 extorres
1339 3072 1393 3122 se

197 3164 270 3211 esse
293 3147 397 3213 verbis
425 3152 457 3210 et
486 3145 579 3212 iactis
603 3144 801 3228 profitentur.
855 3145 1004 3211 Attamen
1026 3146 1204 3225 Apostatae
1227 3143 1286 3210 isti
1310 3145 1395 3210 Ec*

202 3233 316 3297 clesiac
340 3234 521 3298 solemniter
550 3235 732 3298 renuntiare
755 3252 813 3298 uec
845 3233 955 3298 volunt
982 3251 1039 3297 uec
1062 3232 1192 3310 audent,
1225 3231 1401 3311 quinimo

202 3320 229 3383 si
251 3337 335 3383 mors
358 3320 404 3383 eis
427 3323 653 3401 supervenerit,
685 3321 816 3403 proximi
840 3321 966 3402 cognati
988 3319 1184 3400 sepulturam
1208 3323 1242 3383 et
1266 3317 1407 3384 officia

201 3406 415 3472 ecclesiastica
437 3425 493 3489 pro
517 3408 648 3473 mortuis
671 3408 875 3473 vehementer
898 3406 1107 3489 expostulant,
1131 3404 1217 3487 quod
1241 3413 1413 3488 semper

201 3494 327 3559 nonnisi
350 3500 520 3575 provocato
543 3495 678 3559 maximo
709 3494 855 3560 scandalo
880 3495 1015 3576 odioque
1042 3494 1075 3557 in
1099 3491 1227 3556 Clarum
1250 3497 1287 3556 et
1311 3492 1432 3558 Ec‘

203 3580 331 3646 alesiam
364 3582 440 3663 ipsis
476 3582 659 3664 denegatur.
714 3583 753 3646 In
780 3581 961 3646 Alemanica
993 3585 1102 3645 nostra
1136 3578 1304 3659 Helvetia,
1341 3581 1449 3667 it}-

202 3667 402 3748 Sangallensi
425 3670 571 3733 nimirum
596 3674 628 3734 et
654 3668 830 3734 Basileensi
852 3669 1066 3746 Dioeccsihus,
1098 3666 1188 3748 plura
1213 3665 1466 3746 ejusmal*

199 3757 360 3820 connubia
382 3757 500 3837 passim
523 3757 676 3834 existunt,
707 3757 773 3821 sive
796 3757 927 3821 maritus
956 3756 1049 3820 iniis
1073 3754 1115 3818 sit
1138 3752 1320 3820 catholicus
1343 3746 1466 3819 εὖ

202 3841 317 3907 mulier
331 3842 509 3908 acatholica
524 3844 590 3908 sive
605 3845 772 3909 viceversa.
807 3842 850 3908 Et
873 3843 914 3907 oh
929 3841 1180 3925 praecavendum
1195 3841 1463 3907 maximmtl

202 3931 371 4011 impiorum
394 3930 564 3994 tumultum
588 3931 737 4012 Episcopi
757 3931 926 3995 hodiedum
948 3931 1082 3996 necdum
1104 3928 1172 3992 ausi
1187 3935 1264 3992 sunt
1288 3926 1462 3995 ferr&

202 4017 235 4081 in
258 4016 444 4083 catholicam
468 4018 622 4098 ejusmodi
643 4017 834 4082 matrimonii
857 4024 982 4099 partem
998 4016 1167 4082 solemnem
1190 4026 1451 4081 excommu‘

157 4144 160 4148 »
202 4102 368 4168 nicationis
404 4105 610 4179 sententiam
645 4105 729 4185 quod
762 4105 791 4169 si
821 4106 932 4184 exequi
964 4104 1110 4182 deberet,
1145 4119 1184 4167 ex
1215 4100 1247 4167 S.
1277 4101 1438 4187 huju&

204 4187 351 4253 Vaticani
374 4188 504 4257 concilii
527 4189 683 4256 Consultu
705 4191 843 4272 speciale
858 4191 1029 4256 Decretum
1053 4196 1165 4255 contra
1187 4188 1274 4254 tales
1299 4204 1433 4256 corr

197 4275 293 4355 juges
316 4278 522 4342 emittendum
552 4284 600 4343 est
623 4287 719 4359 atque
741 4277 906 4360 Episcopis
930 4277 1160 4356 inculcandum,
1191 4283 1228 4341 ut
1253 4279 1416 4359 ubique
