2946 4942
152 323 195 383 54
435 335 553 384 scaeua
576 333 819 383 cousmuunronrs
841 335 1032 385 ooaunmcnu

152 493 214 557 qno
246 475 318 556 ipsa
351 474 531 556 pervigilat,
554 479 591 540 ut
609 474 760 557 juventus
783 473 994 542 catholicam
1016 475 1126 558 primis
1147 492 1229 542 vcra
1250 473 1320 540 fide

143 568 186 629 *et
207 564 326 628 sanctis
348 562 488 627 moribus
510 563 573 627 rite
594 562 789 627 instituatur.

258 650 348 715 Hanc
376 651 570 730 iniquitatem
603 650 805 715 cumularunt
838 648 901 715 alia
934 652 1149 732 usurpatione.
1203 649 1314 732 Ipsam

153 739 236 803 enim
272 736 465 803 clericorum
498 737 717 803 educationem
747 756 784 803 ac
814 738 1044 803 institutionem
1076 739 1109 802 in
1135 738 1319 820 disciplinis

153 825 372 892 ecclesiasticis
395 830 462 890 tum
492 826 522 889 in
547 824 617 889 aliis
646 824 778 906 publicis
811 825 926 897 scholis
956 830 1024 890 tum
1052 827 1084 890 in
1108 826 1186 908 ipsis
1210 825 1316 891 Semi·

152 914 251 979 uariis
281 911 399 977 efficaci
426 913 589 978 directioni
625 931 661 977 ac
685 912 868 994 vigilantiae
890 911 1052 978 Ecclesiae
1075 912 1256 979 subducere
1279 919 1315 979 ot

152 1002 305 1082 potestati
340 1001 442 1065 laicae
475 1001 658 1082 mancipare
689 1006 896 1081 praesumunt
924 1007 1034 1065 contra
1063 1002 1116 1083 Jus
1145 1000 1316 1082 proprirnn

152 1088 331 1168 Ecclesiae,
366 1105 427 1169 quo
457 1089 591 1152 maxime
623 1088 656 1150 in
690 1089 755 1152 suis
789 1088 941 1152 ministris
974 1089 1103 1153 sanitati
1131 1087 1313 1154 catholicae

154 1175 316 1242 doctrinae
339 1181 371 1239 et
393 1175 556 1240 sanctitati
576 1176 659 1240 vitae
671 1175 903 1241 ecclesiasticae
918 1177 1083 1257 providere
1100 1175 1203 1241 debet.
1227 1175 1316 1254 Quin

153 1264 247 1328 etiam
270 1281 324 1328 eos
347 1264 441 1344 ipsos,
465 1263 519 1344 qui
542 1264 573 1327 in
597 1268 713 1328 sortem
738 1263 864 1326 Domini
886 1269 1048 1344 vocantur,
1073 1283 1092 1328 a
1115 1268 1229 1328 sancta
1252 1280 1312 1329 sno

151 1352 316 1417 vocatione
337 1369 394 1432 per
416 1351 479 1414 vim
503 1350 639 1416 avellere
661 1355 693 1414 et
714 1351 907 1431 iniquissima
923 1349 992 1433 lege
1009 1352 1163 1434 subjicere
1177 1351 1317 1416 militina

153 1437 308 1503 saeculari
342 1436 458 1503 alicubi
487 1438 580 1502 veriti
612 1456 674 1503 nou
697 1444 784 1518 sunt,
813 1442 909 1520 atquc
933 1440 979 1503 ita
1002 1444 1153 1519 quantum
1177 1439 1211 1502 in
1232 1439 1317 1520 ipsis

153 1530 215 1606 est,
237 1525 410 1590 Ecclesiam
443 1526 628 1591 necessariis
652 1525 693 1588 ad
716 1518 897 1605 docendum,
921 1526 1093 1608 regendum
1116 1531 1149 1590 et
1171 1523 1310 1590 sanctifi·

153 1613 286 1679 candum
315 1613 468 1695 populum
502 1612 561 1678 Dei
594 1613 745 1678 ministris
767 1614 892 1695 privare
915 1619 1079 1679 conantur.
1125 1612 1233 1690 Quare
1257 1613 1315 1679 de-

154 1700 307 1767 claramus
330 1706 363 1764 et
386 1700 544 1782 docemus,
563 1701 637 1782 J'ura
660 1702 822 1783 praedium
844 1705 940 1781 atque
961 1698 1064 1765 officia
1079 1700 1120 1765 ad
1135 1701 1308 1767 Ecclesiam

152 1789 320 1870 pertinere,
345 1792 377 1852 et
400 1806 469 1852 esse
491 1805 561 1853 curn
584 1791 654 1870 ejus
677 1789 857 1868 magisterio
880 1789 1028 1854 divinitus
1050 1788 1215 1868 instituto,
1240 1806 1311 1854 cum

152 1875 250 1957 ipsius
274 1876 494 1940 constitutione
517 1894 555 1940 ac
577 1873 639 1940 fine
660 1876 770 1940 intime
793 1877 976 1958 conjuncta,
994 1876 1140 1956 adeoque
1163 1875 1310 1941 humanis

152 1962 277 2045 legibus
299 1980 363 2026 non
384 1981 479 2044 posse
501 1960 627 2029 auferri.

260 2048 330 2114 Alia
353 2052 459 2132 gravis
480 2049 595 2131 injuria
619 2049 754 2116 Sanctae
777 2050 938 2116 Ecclesiae
960 2049 1095 2115 infertur
1114 2051 1154 2115 ab
1170 2050 1243 2131 illis,
1260 2052 1311 2133 qni

153 2136 376 2220 professionem
401 2137 601 2220 perfectiouis
624 2139 825 2220 evangelicae
847 2140 880 2202 in
903 2137 1074 2204 Ordinibus
1089 2138 1310 2221 Institutisqnc

153 2225 309 2308 religiosis
341 2225 382 2289 ab
417 2225 527 2289 eadem
551 2225 694 2290 Ecclesia
725 2226 908 2307 approbatis
936 2227 1042 2307 iniqua
1075 2227 1311 2308 oppugnatione

153 2316 400 2395 persequuntur,
425 2319 521 2394 atque
544 2311 702 2377 affirmare
724 2314 857 2394 audent,
879 2313 1106 2395 professionem
1130 2314 1313 2395 religiosam

151 2400 276 2483 juribus
298 2405 432 2465 naturae
454 2399 672 2482 libertatisque
687 2401 845 2466 hnmanae
861 2401 1059 2480 contrariam,
1082 2401 1134 2465 vel
1150 2419 1190 2466 ex
1205 2403 1318 2485 regnis

154 2491 186 2552 et
207 2488 387 2554 civitatibus
411 2495 537 2553 nostrae
560 2489 675 2554 aetatis
698 2489 920 2554 eliminandam
943 2506 1030 2566 csse,
1054 2489 1139 2569 quod
1162 2488 1219 2554 illa
1240 2507 1322 2571 pro·

153 2573 250 2640 fectui
273 2595 310 2640 ac
328 2573 472 2640 felicitati
487 2576 674 2657 populorum
691 2581 881 2658 opponatur3
897 2594 995 2658 eoque
1012 2576 1113 2656 magis
1130 2576 1323 2657 dolendum,

155 2663 239 2744 quod
268 2662 351 2727 inter
380 2664 465 2744 ipsos
487 2663 592 2744 legum
614 2664 752 2742 latores,
785 2665 837 2745 qui
861 2681 894 2728 se
917 2662 1089 2729 catholicos
1112 2661 1319 2745 profitentur,

154 2767 218 2815 non
252 2749 369 2830 desint,
401 2751 455 2832 qni
484 2751 656 2816 inhaere
680 2752 838 2817 Ecclesiae
858 2752 911 2834 jus
936 2750 1119 2816 conculcare
1141 2756 1174 2815 et
1196 2752 1329 2833 iniquis

153 2836 285 2919 legibus,
308 2844 459 2919 quantum
482 2838 597 2918 valent,
620 2838 743 2903 irritum
766 2838 897 2903 reddere
921 2858 984 2904 non
1006 2842 1185 2906 vereantur.

259 2923 415 3002 Quoniam
449 2944 524 2991 vero
557 2944 673 3009 sponsa
698 2926 776 2991 Jesu
810 2924 928 2991 Christi
960 2927 1062 3008 ipsam
1084 2926 1181 2992 divini
1205 2925 1320 3008 sponsi

154 3013 204 3077 sui
225 3012 323 3077 vitam
347 3018 379 3079 ct
401 3014 575 3096 exemplum
598 3015 631 3078 in
653 3031 687 3078 sc
701 3015 828 3096 suisque
844 3013 993 3080 membris
1016 3015 1198 3094 exprimere,
1215 3021 1330 3096 atque

152 3098 273 3184 jugiter
306 3103 485 3167 sanctitatis
518 3101 740 3184 praerogativa
772 3101 893 3183 fulgere
916 3101 1028 3180 debet,
1052 3102 1136 3166 idem
1159 3101 1333 3166 Dominus,

154 3187 273 3254 Noster
293 3188 388 3254 lesus
412 3189 556 3255 Christus
579 3208 642 3256 non
664 3189 766 3254 solum
789 3194 901 3256 sancta
933 3188 1020 3254 dedit
1042 3189 1191 3253 mandata
1214 3189 1315 3276 omni,-

153 3275 224 3355 bus,
247 3276 274 3340 si
295 3276 407 3341 volunt
428 3277 469 3342 ad
492 3277 590 3342 vitam
612 3277 745 3360 ingredi,
761 3277 939 3344 necessario
956 3276 1126 3354 servanda3
1143 3275 1200 3341 sed
1215 3277 1316 3341 etiarn

153 3380 212 3444 pro
245 3360 387 3428 Ecclesia
426 3366 693 3445 praemonstravit
719 3367 751 3429 in
777 3384 834 3431 suo
864 3364 1026 3446 evangelio
1049 3368 1167 3428 statum
1190 3361 1327 3444 perfec-

154 3449 259 3530 tionis,
283 3451 403 3531 quoii,
428 3453 482 3533 qui
507 3453 572 3517 Deo
594 3458 727 3518 vocante
749 3455 879 3535 capiunt
900 3452 1031 3517 verbum
1054 3451 1160 3530 istud,
1194 3450 1323 3517 relictis-

155 3538 311 3619 omnibus‚
332 3543 369 3604 ut
383 3539 568 3605 thesaurum
583 3540 723 3607 habeant
739 3540 772 3604 in
788 3539 893 3620 coelis,
909 3541 1011 3621 ipsum
1025 3539 1047 3604 J
1048 3536 1314 3603 esnm'Ohristnvn

155 3626 369 3707 propinquiori
391 3627 567 3693 imitatione
590 3628 807 3711 sequutura
830 3626 968 3695 Consilia
991 3625 1070 3692 haec
1091 3625 1170 3692 lesu
1192 3622 1319 3691 Christi

155 3711 197 3777 ad
211 3711 385 3779 Ecclesiam
400 3732 548 3797 sponsam
570 3733 607 3780 ac
620 3716 763 3799 reginam
786 3715 961 3781 ornandam
982 3714 1188 3780 varietatibus
1200 3713 1228 3797 ¹)
1250 3731 1320 3779 non

154 3803 327 3882 potnerunt
353 3818 480 3867 manere
503 3802 607 3880 irrita3
631 3803 716 3868 unde
738 3808 891 3883 operante
915 3802 1020 3866 divina
1042 3801 1146 3884 gratia
1168 3800 1315 3866 omnibns

154 3886 316 3954 Ecclesiae
337 3889 497 3955 aetatibus
518 3889 647 3971 plurimi
667 3890 831 3971 utriusque
854 3907 947 3956 sexus
963 3891 1065 3956 crucis
1081 3887 1200 3954 Christi
1214 3892 1322 3953 secta·

154 3977 240 4040 toras
276 3977 309 4042 in
336 3976 397 4043 hac
419 3978 472 4041 via
492 3977 595 4059 ipsum
618 3978 786 4044 Dominum
808 3978 921 4044 ducem
945 3996 983 4044 ac
1005 3977 1190 4059 magistrum
1214 3975 1320 4040 senati

156 4066 241 4127 snut.
296 4063 342 4130 Ut
375 4067 420 4131 sic
452 4067 572 4130 vocans
609 4064 823 4149 evangelicam
855 4064 1079 4148 perfectionem
1111 4062 1320 4129 consectandi

168 4248 186 4339 ‘-
263 4268 345 4410 aa·
362 4270 680 4395 ”ravanu-
