2946 4942
164 307 227 368 2118
651 320 834 368 6666116611

161 477 235 525 uam
268 457 418 523 notabilis
445 455 623 523 differentia
655 460 835 526 invenietur
868 469 901 526 et
932 479 1028 542 quam
1057 463 1147 527 multi
1180 465 1246 529 siut
1270 466 1327 545 qui

160 547 323 612 desierunt
355 544 556 627 frequentare
585 546 763 612 Ecclesiam
791 548 994 613 nationalem.
1038 548 1088 612 Ex
1120 551 1181 615 hoc
1215 558 1325 617 autem

160 634 197 699 fit
221 641 256 698 ut
275 636 343 716 jam
366 652 430 699 nou
451 634 569 715 possim
591 634 734 699 iuvenire
756 635 937 701 sacerdotes
961 638 1016 718 qui
1037 638 1176 703 serviant
1202 639 1323 719 Berito,

161 722 236 802 quia
258 720 320 785 illis
344 719 450 787 deficit
471 720 658 786 beneficium
680 724 889 787 necessarium
913 724 954 789 ad
983 724 1166 802 vivendum,
1198 731 1232 790 et
1263 745 1324 807 ego

160 809 229 890 ipse
244 827 327 874 anno
346 813 429 874 1868
446 814 479 873 et
498 814 581 874 1869
606 809 701 874 debui
724 811 964 875 subministrare
979 812 1197 878 sacerdotibus
1220 814 1324 879 Betiti

159 895 345 962 beneficium
368 897 409 961 ad
448 897 630 977 vivendum,
666 901 805 962 6166116
837 898 981 964 61611166
1013 897 1176 979 fecissem,
1212 918 1322 966 omues

160 986 339 1050 sacerdotes
370 983 586 1064 relinquerent
616 983 772 1049 Beritum:
807 991 840 1049 et
871 991 957 1050 certe
987 987 1015 1050 si
1043 986 1116 1051 huic
1145 989 1229 1054 malo
1258 1006 1322 1054 non

159 1073 325 1137 medeatur
343 1077 376 1137 61
394 1071 467 1151 jura
481 1070 705 1137 Ecclesiastico
727 1091 790 1136 nou
812 1073 1024 1152 stabiliantur,
1049 1075 1110 1139 cito
1132 1075 1321 1140 habebimus

159 1161 284 1226 ruinam
306 1159 384 1225 cleri
405 1159 506 1224 nostri
529 1163 562 1223 et
576 1158 739 1224 Ecclesiae
762 1160 860 1224 etiam
874 1161 1043 1226 nationalis
1058 1164 1211 1243 quianon
1226 1163 1322 1229 babet

116 1316 123 1327 „
155 1249 223 1331 jam
245 1248 390 1312 redditus
414 1244 608 1313 sufficientes
632 1248 745 1312 adsui
767 1249 1046 1327 sustentationem,
1080 1255 1113 1314 et
1137 1249 1203 1331 jam
1232 1251 1321 1331 ipsae

160 1336 301 1402 decimae
323 1335 553 1416 Episcoporum
586 1335 679 1415 quasi
712 1336 746 1398 in
773 1334 961 1401 oblivionem
983 1342 1153 1414 venerunt,
1188 1345 1221 1402 et
1242 1338 1322 1403 haec

158 1425 265 1488 omnia
297 1422 497 1488 incommoda
525 1422 797 1487 missionariorum
833 1427 989 1504 exurgunt
1022 1423 1064 1488 ab
1098 1443 1207 1490 amore
1241 1425 1322 1491 lucri

156 1510 351 1592 temporalis,
374 1510 488 1590 quibus
511 1508 626 1574 auxilia
642 1510 824 1592 pecuniaria
840 1528 859 1574 6
874 1511 1078 1576 societatibus
1094 1510 1242 1593 Europae
1259 1531 1321 1578 uon

158 1597 328 1678 sufficiunt,
352 1603 385 1662 et
407 1599 477 1679 ipsa
499 1597 639 1662 subsidia
661 1598 853 1678 pecuniaria,
876 1616 957 1679 quae
981 1599 1137 1680 accipiunt
1151 1599 1193 1664 ab
1210 1600 1321 1666 Orien·

158 1687 276 1752 talibus
298 1686 376 1768 ipsis
400 1691 434 1751 61
455 1704 475 1750 6
494 1684 662 1766 juvenibus
684 1683 875 1763 scholarum,
899 1704 957 1751 nee
972 1703 1034 1750 uon
1054 1705 1137 1768 quae
1159 1687 1321 1752 cumulant

158 1793 197 1839 ex
219 1773 439 1839 sodalitatibus
463 1777 496 1837 et
519 1772 590 1837 aliis
613 1772 873 1837 extraordinariis
895 1770 1052 1852 fontibus,
1077 1775 1133 1838 sed
1155 1778 1189 1841 et
1209 1774 1321 1839 volunt

157 1862 315 1928 advocare
338 1861 488 1942 populum
512 1861 553 1925 ad
574 1877 665 1924 suam
687 1858 877 1940 Ecclesiam,
908 1866 945 1924 ut
968 1861 1182 1944 eleemosynas
1212 1880 1321 1928 omnes

157 1950 217 2016 sibi
240 1956 480 2030 congregentur,
504 1954 538 2012 et
559 1947 629 2012 ideo
652 1935 947 2012 reddtus'nostrae
968 1947 1131 2014 Ecclesiae
1161 1954 1194 2014 61
1221 1948 1321 2014 Ρ616-

158 2037 287 2103 chorum
303 2041 337 2100 et
352 2037 549 2102 sacerdotum
564 2034 771 2099 nationalium
786 2035 907 2100 redacti
922 2041 997 2100 suut
1013 2037 1105 2115 quasi
1120 2037 1161 2100 ad
1176 2036 1319 2104 nihilum.

263 2124 351 2189 Haec
374 2125 479 2188 omnia
500 2123 563 2186 huc
597 2140 696 2203 usque
731 2123 815 2187 dicta
849 2128 924 2186 sunt
950 2141 1028 2187 vera
1058 2122 1144 2188 lacta
1166 2131 1200 2189 et
1221 2124 1320 2189 oculis

156 2216 290 2293 possunt
312 2210 461 2292 perfacile
483 2210 593 2290 videri,
621 2227 723 2290 neque
745 2210 824 2274 haec
847 2209 931 2274 dicta
953 2216 1029 2274 sunt
1057 2212 1089 2274 iu
1117 2212 1224 2276 odium
1246 2213 1320 2276 mis-

157 2301 381 2380 siouariorum,
416 2301 469 2379 qui
497 2298 577 2362 11666
612 2303 807 2378 cognoscunt
835 2296 1088 2363 benevolentiam
1117 2317 1220 2363 meam
1242 2317 1321 2380 erga

156 2390 257 2469 ipsos,
280 2388 374 2453 sicuti
395 2387 457 2468 ipsi
480 2385 598 2467 pluries
621 2385 760 2466 idipsum
783 2386 894 2449 testati
924 2392 1012 2448 sunt:
1047 2390 1081 2450 et
1106 2404 1221 2451 revera
1242 2385 1322 2451 nibil

156 2492 323 2556 possumus
346 2475 451 2539 dicere
475 2479 587 2538 contra
608 2490 712 2536 mores
734 2473 861 2538 illorum
883 2476 916 2537 et
943 2471 1121 2538 doctrinam
1149 2473 1318 2544 etzelum.

156 2563 381 2629 Verumtamen
404 2561 607 2641 deploramus
629 2559 755 2624 illorum
770 2558 886 2641 agendi
901 2559 1038 2640 modum,
1062 2565 1174 2642 utpote
1192 2562 1320 2626 omnino

155 2650 351 2716 contrarium
369 2649 494 2729 juribus
517 2647 739 2713 ecclesiasticis
763 2647 1031 2728 disciplinaribus,
1061 2654 1094 2713 61
1119 2646 1175 2713 fini
1197 2649 1321 2714 missio-

156 2753 234 2803 num
256 2737 451 2820 praescripto
474 2755 494 2800 a
515 2734 548 2800 S.
571 2734 661 2799 Sede.
895 2743 902 2757 ·

263 2825 340 2890 Ideo
363 2824 571 2903 deprecamur
593 2829 706 2886 616111
739 2841 798 2887 666
822 2822 1076 2904 derelinquamus
1107 2823 1181 2905 jura
1208 2830 1322 2888 nostra

155 2930 255 2993 supra
293 2929 422 2993 gregem
456 2910 546 2975 nobis
580 2910 779 2974 commissum
802 2909 1027 2991 Missionariis,
1063 2916 1120 2975 aut
1142 2910 1322 2992 obligamur

158 2999 253 3082 (sict)
288 3005 432 3064 nostrum
462 3016 591 3078 gregem
620 2998 807 3078 ubicumque
834 2999 1024 3077 inveniatur,
1058 2997 1206 3079 quoniam
1229 2999 1321 3063 nobis

156 3088 323 3153 commissa
347 3092 396 3152 est
423 3086 527 3166 gregis
557 3084 700 3150 custodia
730 3089 854 3151 61666
885 3086 1093 3150 missionariis
1122 3086 1177 3166 qui
1204 3085 1321 3150 debent

156 3175 346 3258 coadjuvare
375 3180 521 3255 pastores
549 3177 583 3236 et
613 3190 677 3237 nou
709 3172 845 3238 avellere
873 3189 946 3238 oves
978 3168 1132 3238 ab'ovili:
1167 3174 1244 3254 quie
1267 3173 1322 3255 qui

152 3262 198 3328 ab
220 3263 296 3330 ovili
318 3260 453 3326 discedit
475 3277 585 3325 errans
608 3265 666 3324 est.

261 3351 305 3414 Et
326 3349 406 3414 istae
428 3348 670 3412 lamentationes
700 3365 764 3412 uon
795 3353 870 3412 suut
898 3365 915 3411 e
937 3352 1048 3412 nostra
1069 3352 1162 3429 parte
1183 3351 1318 3427 tantum,

151 3437 214 3504 sed
235 3438 364 3520 plurimi
387 3435 546 3502 Ordinarii
568 3435 651 3499 idem
675 3434 890 3515 expostulant,
921 3435 1014 3498 sicuti
1046 3435 1207 3499 constabit
1229 3437 1259 3501 si
1280 3435 1320 3500 ab

152 3526 233 3607 ,ipsis
255 3528 439 3606 quaeratur.
486 3523 592 3603 Aliqui
614 3541 689 3587 vero
713 3541 837 3602 eorum,
869 3540 941 3587 cum
969 3540 1032 3588 nou
1054 3523 1217 3603 potuerint
1240 3523 1321 3588 haec

151 3614 425 3679 missionariorum
447 3609 532 3676 facta
546 3609 684 3675 tolerare
699 3629 739 3675 66
753 3611 786 3674 16
802 3609 1054 3691 ephemeridibus
1074 3611 1175 3676 coacti
1190 3608 1322 3675 fuerunt

151 3702 326 3783 publicare.

262 3807 321 3870 Die
349 3809 398 3871 12.
423 3803 533 3868 Martii
558 3807 652 3869 1870.

788 3941 889 4007 Tobia
912 3948 968 4007 ant
991 3941 1148 4008 Maronita

748 4047 1011 4131 Archiepiscopus
1034 4046 1220 4122 Beritensis,

632 4272 843 4281 --—-—

636 4285 842 4292 ..-----...-
