2946 4942
226 322 271 383 28
504 333 624 382 sunaus
647 331 890 382 cossururiours
913 331 1103 380 nonuncium

334 473 377 537 Et
407 471 554 554 quoniam
587 473 618 537 in
641 472 708 538 Deo
741 471 845 536 omnia
871 488 970 535 unum
996 475 1082 550 sunt,
1113 471 1168 536 ubi
1194 487 1258 534 non
1281 470 1390 534 obviat

229 560 391 626 relationis
407 559 601 642 oppositio,¹)
623 578 687 624 una
709 563 758 624 est
771 557 917 623 voluntas
940 565 974 623 et
997 559 1147 639 operatio,
1171 575 1235 638 qua
1250 556 1389 622 Trinitas

224 651 431 713 sacrosancta
464 652 576 712 cuncta
609 649 698 712 extra
734 664 768 710 se
797 645 950 727 condidit,
985 645 1125 727 disponit
1158 652 1190 709 et
1223 644 1388 727 gubernat.

229 731 339 816 Neque
362 735 444 798 enim
467 751 623 816 personae
639 733 763 799 divinae
787 739 877 797 extra
900 750 933 797 se
956 732 1127 797 secundum
1151 732 1281 812 originis
1304 730 1390 796 rela-

229 824 339 901 tiones,
363 821 477 902 quibus
501 821 747 903 distinguuntur,
765 821 821 886 sed
844 820 1017 886 secundum
1032 819 1118 900 quod
1140 825 1213 884 sunt
1234 837 1332 884 unum
1355 824 1389 884 et

223 909 387 990 singulare
409 908 604 990 principium,
630 914 810 989 operantur.

704 1149 845 1218 CAPUT
868 1151 907 1215 ΙΙ.
1195 1210 1222 1247 a·

510 1308 562 1374 Dc
583 1308 722 1375 bominis
745 1310 906 1374 creatione
928 1314 958 1374 et
979 1314 1107 1376 ιαιιινι.

336 1464 384 1529 De
406 1465 540 1530 hominis
563 1483 638 1530 vero
661 1471 775 1529 natura
798 1470 828 1529 et
853 1466 988 1546 origine,
1005 1465 1116 1529 divinis
1138 1464 1254 1530 litteris
1277 1464 1391 1530 edocta

229 1551 309 1617 baec
340 1552 442 1617 credit
472 1556 505 1618 et
527 1550 691 1632 praedicat
722 1551 752 1618 S.
778 1551 882 1617 Mater
913 1551 1065 1619 Ecclesia.
1116 1551 1272 1617 Facturus
1302 1551 1391 1618 Deus

229 1638 386 1704 hominem
418 1640 460 1704 ad
489 1639 658 1721 irnaginom
687 1644 718 1704 et
748 1639 984 1705 similitudinem
1020 1644 1124 1719 suam,
1159 1644 1195 1704 ut
1226 1644 1392 1721 praeesset

230 1727 396 1792 universae
430 1731 552 1808 terrae,
588 1727 714 1808 corpori
741 1727 781 1793 de
813 1726 888 1792 limo
917 1726 1023 1792 temne
1052 1726 1189 1793 formato
1222 1727 1391 1808 inspiravit

229 1814 422 1895 spiraculum
444 1815 538 1895 vitae,
568 1815 712 1880 animam
727 1814 848 1880 scilicet
869 1813 918 1880 de'
932 1813 1028 1880 nihilo
1050 1815 1245 1897 productam,
1279 1814 1391 1879 imma-

230 1900 384 1980 terialem,
414 1901 693 1983 incorruptibilem,
725 1901 948 1982 immortalem,
983 1901 1192 1984 intelligentia
1226 1906 1259 1967 et
1288 1899 1392 1967 libera

229 1987 393 2054 voluntate
414 1988 600 2070 praeditam.
646 1989 735 2066 Quae
757 1990 862 2054 anima
889 1988 1053 2054 rationalis
1086 1990 1226 2071 corporis
1250 1988 1390 2069 humani,

230 2076 290 2141 etsi
313 2076 353 2141 ab
369 2094 407 2140 eo
430 2077 568 2142 essentia
584 2073 739 2154 differens,
763 2095 836 2142 vere
852 2081 969 2157 tamen,
985 2094 1043 2159 per
1065 2095 1099 2142 se
1123 2082 1156 2142 et
1179 2075 1392 2143 essentialiter

230 2161 330 2228 forma
353 2162 447 2247 esti)
470 2165 517 2228 ita
539 2170 577 2228 ut
600 2181 669 2228 cum
692 2182 730 2230 eo
754 2164 925 2229 constituat
948 2172 1096 2230 naturam
1119 2165 1290 2229 humanam
1312 2182 1390 2230 vere

224 2288 227 2292 »
230 2251 380 2316 ettreali
366 2256 417 2315 ter
439 2269 544 2318 unam

336 2337 519 2403 Primot
463 2357 504 2403 an
505 2342 569 2402 tem
601 2338 719 2403 homini
741 2337 829 2403 Adae
858 2343 890 2403 et
876 2336 998 2403 Etvae
1020 2339 1122 2419 uxori,
1155 2342 1285 2404 ecosta
1320 2338 1392 2420 ejus

232 2423 341 2489 divinit
328 2431 379 2489 tus
413 2423 585 2504 formatae,
620 2426 808 2492 benedicens
840 2424 999 2490 Denst
955 2427 1015 2490 nit:
1054 2425 1324 2508 „Multiplioamini
1358 2429 1392 2490 et

230 2513 351 2594 repleto
318 2517 503 2577 t·terram
496 2513 565 2597 ,Ἥ
594 2517 696 2614 atque·
711 2515 757 2579 ita
790 2531 846 2592 „ex
868 2531 931 2579 uno
954 2512 1027 2578 iecit
1053 2531 1144 2579 omne
1168 2530 1266 2596 genus
1288 2513 1392 2577 homi-

224 2618 306 2664 num
328 2599 504 2664 inhabitare
526 2617 623 2684 super
644 2601 825 2665 universam
838 2598 949 2666 faciem
964 2604 1099 2666 terrae.“
1112 2601 1140 2682 ⁴)
1174 2601 1279 2680 Quare
1293 2602 1389 2665 etiam

225 2686 375 2766 ,vocavit
396 2686 499 2751 Adam
521 2706 635 2752 nomen
656 2689 762 2753 uxoris
790 2688 987 2768 moeliens,
1011 2706 1050 2755 eo
1072 2688 1157 2769 quod
1179 2692 1283 2754 mater
1304 2691 1392 2754 esset

222 2779 414 2839 cunctorum
441 2774 646 2853 viventium;“
661 2776 688 2857 ⁵)
718 2775 821 2840 Adam
842 2793 918 2840 vero
945 2777 1013 2858 ipse
1039 2777 1158 2858 primus
1191 2775 1307 2840 dicitur
1327 2773 1392 2841 ior·

230 2864 335 2926 matus
357 2880 377 2926 a
399 2861 467 2927 Deo
488 2866 581 2943 pater
604 2862 688 2929 orbis
710 2861 911 2946 terrarum‚⁶)
933 2863 1048 2945 quippe
1070 2881 1090 2928 a
1112 2880 1174 2944 quo
1197 2863 1309 2942 cuncti,
1333 2861 1391 2944 qui

227 2947 373 3015 incolunt
387 2957 515 3029 terram,
530 2949 667 3014 naturali
688 2950 891 3031 generatione
907 2950 1099 3016 descendant
1113 2968 1209 3016 carne
1231 2951 1271 3015 de
1294 2967 1391 3016 carne

230 3041 391 3114 nascente,
415 3037 466 3102 cui
479 3037 585 3102 anima
600 3055 620 3101 a
634 3038 710 3118 Deo,
727 3042 758 3102 in
773 3036 904 3120 singulis
920 3037 960 3104 de
975 3056 1057 3104 novo
1080 3043 1187 3102 creata
1201 3035 1388 3104 infunditur.

221 3121 300 3200 ‘Qua
322 3120 396 3189 fidei
417 3125 576 3190 sententia
598 3130 726 3206 negata,
757 3124 872 3207 dogma
893 3143 1019 3207 quoquo
1042 3125 1081 3189 de
1104 3131 1237 3207 peccato
1261 3125 1302 3190 ab
1324 3142 1390 3190 uno

221 3208 330 3291 'primo
354 3212 497 3293 genitore
519 3212 551 3276 in
574 3230 683 3278 omnes
705 3211 875 3290 transfuso,
904 3222 938 3277 et
961 3214 999 3279 de
1021 3213 1215 3278 redemtione
1240 3212 1389 3294 omnium,

229 3314 288 3378 per
318 3316 416 3362 unum
437 3298 558 3364 Mediat
544 3304 647 3364 torem
668 3299 778 3365 Jesum
800 3299 945 3400 laeditur,
969 3306 1080 3366 contm
1105 3298 1250 3382 Apostoli
1271 3298 1391 3365 doctri-

230 3400 321 3450 nam:
349 3383 455 3465 „Sicut
476 3404 535 3468 per
556 3388 648 3452 unius
671 3386 850 3453 delictum
842 3405 875 3451 m
898 3405 1005 3453 omnes
1024 3387 1197 3454 homines
1188 3406 1220 3452 ιι
1244 3386 1390 3467 condem-

230 3472 402 3551 nationem,
424 3473 471 3538 sio
491 3479 525 3539 et
538 3491 595 3555 per
617 3474 710 3539 unius
722 3473 911 3557 justitiam
902 3493 934 3539 m
950 3493 1057 3541 omnes
1078 3474 1251 3589 homines
1243 3493 1276 3538 ιι
1294 3475 1391 3557 J'usti·

229 3556 408 3625 ficationem
430 3560 544 3628 vitaef‘
562 3561 588 3645 ¹)

340 3802 462 3871 ¹.)Cono
480 3803 603 3859 Florent.
622 3805 703 3860 Deer.
721 3820 773 3873 pro
791 3805 887 3861 Jacob.

338 3874 362 3942 ²)
381 3872 421 3930 Gt
440 3872 522 3931 Cone.
540 3873 637 3929 Vienn.
655 3873 835 3932 clementina
872 3874 954 3930 Cone.
972 3875 1035 3932 hat
1056 3875 1088 3928 V.
1106 3874 1204 3942 Apoot.
1223 3872 1390 3943 chtotinia.

225 3940 298 4000 Lm
291 3941 445 4082 agogen?
446 3942 576 4069 ¹1111218d
596 3940 886 4070 ᾱ41ῗιιέηῗγ11ῗ5726.
959 4014 982 4084 ⁶)
1001 4014 1068 4070 Gen
1087 4012 1138 4072 ΙΙΙ.
1159 4015 1202 4072 20

336 4084 357 4151 ⁶)
375 4082 439 4152 Sap.
457 4082 536 4139 lbi
618 4015 735 4154 'giloni
754 4084 785 4138 V.
809 4085 851 4142 18.
