2946 4942
508 318 548 365 on
571 317 667 366 sanus
688 317 879 367 noomamors.
1271 302 1313 369 83

149 457 410 525 aedificationem
432 462 570 539 pareret.
594 456 739 545 Profecto
755 458 833 522 satis
848 456 986 523 hostium
1002 462 1203 524 externorum
1216 457 1314 524 haba-

153 565 249 627 mus,
279 547 355 627 quin
391 544 424 610 iu
445 545 524 626 ipsis
547 542 710 610 Ecclesiae
733 545 846 610 castris
869 563 951 610 nova
974 544 1105 610 dissidia
1127 545 1312 623 excitemus,

152 633 205 700 vel
228 632 294 697 ullo
316 631 409 697 modo
430 629 539 698 fovere
561 629 734 696 videamur.

261 718 316 786 IV.
349 718 536 800 Propositus
568 717 719 799 implicite
751 714 919 783 definiendi
951 717 1076 798 modus,
1107 718 1249 800 quamvis
1272 721 1314 785 sit

152 806 338 886 indirectas
374 806 501 870 videtur
534 810 641 870 famen
673 815 739 870 tum
767 804 798 869 vi
825 808 893 869 tum
915 804 1115 886 simplicitate
1137 812 1312 889 praestare.

153 891 282 959 clarior
304 893 387 959 enim
410 898 469 972 est,
493 909 530 958 ac
552 891 646 973 plura
667 891 776 959 forsan
798 892 947 972 continet,
971 909 1065 973 quam
1088 891 1227 958 definitio
1251 891 1314 958 for-

150 973 248 1046 malis
271 984 306 1046 et
328 979 487 1061 explicite.
516 978 606 1045 Haec
627 979 709 1044 enim
731 978 840 1060 plures
862 978 1030 1045 cavillandi
1052 979 1137 1045 locos
1159 978 1313 1060 theologis

151 1067 382 1151 suppeditabit.
405 1054 643 1149 Disceptabitur
664 1071 819 1149 perpetuo
833 1066 918 1132 iuter
932 1083 996 1146 eos,
1012 1065 1137 1148 quando
1152 1072 1184 1133 et
1199 1068 1313 1149 quibus

151 1173 263 1221 rerum
284 1154 440 1238 adjunctis
455 1153 616 1219 Romanus
630 1151 776 1219 Pontifex
791 1170 898 1218 omnes
914 1150 1141 1220 christifideles
1156 1152 1313 1220 allocutus

151 1240 262 1322 fuisse,
286 1244 320 1308 et
341 1240 506 1308 infallibile
525 1241 679 1323 judicium
700 1239 870 1322 protulisse
885 1241 1061 1307 credendus
1076 1241 1129 1306 sit.
1150 1240 1313 1307 Indocisae

150 1328 260 1397 adhuc
281 1329 453 1395 manebunt
476 1346 584 1393 omnes
607 1327 681 1393 illae
703 1327 915 1410 quaestiones
931 1328 1027 1393 etiam
1049 1328 1135 1394 inter
1156 1328 1313 1413 piissimos

149 1414 342 1483 Pontificiae
375 1415 609 1481 infallibilitatis
632 1419 885 1497 propugnatores
907 1413 1062 1482 hactenus
1084 1417 1246 1498 agitatae,
1271 1415 1312 1481 de

152 1521 294 1587 persona
316 1501 477 1568 Pontificis
500 1502 641 1568 docentis
664 1500 791 1584 publica
805 1505 838 1566 et
853 1503 985 1584 privata,
1002 1503 1042 1568 de
1055 1521 1134 1568 vera
1147 1503 1313 1568 locutionis

151 1611 196 1657 ea
221 1588 382 1656 Oatbedra
409 1587 648 1672 significatione,
678 1589 718 1653 de
744 1589 840 1654 rebus
864 1608 944 1670 quae
967 1589 1008 1654 ad
1031 1588 1125 1656 fidem
1147 1607 1312 1672 moresque

152 1698 228 1744 aare
261 1682 415 1759 spectant.
472 1676 571 1741 Immo
601 1675 769 1741 violentius
796 1674 904 1741 forsan
937 1681 1103 1759 erumpent
1131 1677 1313 1759 hujusmodi

151 1765 368 1846 quaestiones,
391 1769 424 1829 et
445 1763 540 1846 longe
560 1763 673 1844 maJ'ori
694 1763 789 1828 animi
812 1763 1012 1829 contentione
1024 1764 1311 1846 pertractabantur.

262 1851 300 1918 V.
335 1850 374 1915 In
406 1851 568 1933 proposito
602 1855 709 1915 autem
751 1848 921 1916 definiendi
952 1850 1117 1916 Schemate
1161 1851 1249 1917 nulla
1277 1850 1314 1916 fit

152 1937 307 2021 nullaque
321 1939 493 2020 requiritur
507 1938 668 2004 distinctio
679 1956 845 2019 expressa3
858 1955 931 2002 narn
956 1938 1162 2004 inerrantium
1179 1938 1314 2005 Romani

153 2023 318 2091 Pontificio
346 2044 418 2091 curn
440 2024 603 2091 Ecclesiae
633 2025 731 2106 ipsius
762 2024 988 2090 infallibilitate
1010 2027 1120 2091 intime
1143 2027 1313 2109 conjungit,

152 2131 288 2196 eamque
310 2113 410 2177 veluti
432 2111 565 2193 logicam
581 2112 680 2194 ipsius
702 2110 862 2177 Primatus
878 2112 1038 2194 sequelam
1054 2117 1087 2179 et
1100 2113 1200 2178 veluti
1215 2113 1314 2180 corol-

152 2199 270 2266 larium
303 2199 442 2279 exhibet,
478 2199 559 2265 adeo
592 2204 630 2264 ut
656 2204 722 2263 tam
743 2198 810 2264 late
833 2205 944 2281 pateat
964 2201 1138 2283 iisdemque
1161 2200 1314 2267 limitibus

153 2287 358 2354 contineatur
392 2305 430 2352 ac
463 2286 533 2368 ipsa
565 2286 727 2352 Ecclesiae
764 2286 972 2353 infallibilitas
1005 2288 1136 2370 ipseque
1164 2289 1315 2355 divinitus

152 2375 347 2441 constitutus
369 2373 542 2451 Primatum
566 2391 647 2456 quae
668 2373 795 2455 quidem
809 2372 884 2439 fidei
897 2375 1053 2456 principia
1064 2377 1132 2459 jam
1147 2377 1187 2440 ab
1203 2375 1313 2443 Eccle-

151 2462 222 2527 siae
244 2462 343 2543 ipsius
365 2460 546 2542 primordiis
568 2462 647 2526 satis
669 2459 730 2524 fixa
746 2461 1002 2527 etdetermiuata
1018 2467 1102 2527 sunt.
1125 2461 1314 2543 Hujusmodi

152 2549 255 2632 igitur
288 2547 458 2614 definiendi
484 2549 606 2613 ratione
637 2564 715 2613 ansa
744 2546 833 2612 nulla
865 2549 1037 2630 praebetur
1059 2550 1126 2615 sive
1148 2548 1311 2631 theologis,

152 2639 222 2702 sive
255 2634 414 2717 fidelibus,
448 2635 614 2701 dubitandi
646 2639 703 2700 aut
724 2634 891 2700 cavillandi
915 2636 998 2702 circa
1016 2637 1107 2720 jussa
1130 2642 1163 2702 et
1186 2637 1314 2703 decreta

152 2722 186 2788 S.
209 2721 383 2803 Pontificis‚
407 2722 496 2804 cujus
520 2721 751 2802 sapientissimo
767 2721 906 2802 consilio,
925 2723 999 2789 dum
1014 2725 1119 2805 pascit
1134 2730 1200 2789 tam
1216 2742 1314 2806 agnos

152 2828 251 2892 quam
274 2827 356 2890 oves,
380 2810 462 2875 sicut
485 2810 577 2875 decet
597 2807 680 2874 filios
702 2826 778 2891 erga
800 2814 935 2892 patrem,
958 2812 1063 2877 omnia
1085 2817 1271 2878 reverenter
1282 2817 1314 2878 ct

152 2902 301 2963 amanter
323 2896 547 2978 relinquuntur
571 2897 755 2962 dirimenda.

259 2985 314 3050 Vl.
349 2985 485 3049 Demum
506 2984 584 3049 haec
607 2983 774 3067 definiendi
796 2984 888 3066 ratio,
912 2985 987 3050 dum
1008 2983 1071 3052 fixa
1100 2985 1257 3068 quaedam
1281 2992 1315 3053 et

151 3072 287 3137 immota
317 3071 474 3153 principia
504 3071 622 3153 ubique
654 3075 783 3154 recepta
806 3071 938 3152 asserit,
962 3072 1054 3137 simul
1076 3073 1136 3139 hoc
1160 3074 1314 3140 commodi

151 3156 270 3238 habet,
304 3163 342 3223 ut
375 3175 438 3223 non
461 3157 561 3224 solum
585 3157 774 3224 Christianis
798 3159 942 3224 omnibus
964 3157 1162 3226 infallibilem
1183 3161 1217 3226 in
1238 3158 1313 3229 fidei

152 3264 341 3330 morumque
374 3244 489 3326 rebus,
523 3244 611 3311 nullo
640 3243 806 3311 dubitandi
835 3244 885 3311 vel
909 3245 1078 3312 cavillandi
1100 3248 1168 3314 loco
1191 3248 1313 3332 relicto,

152 3334 305 3398 credendi
339 3336 372 3398 et
406 3332 520 3415 agendi
553 3351 696 3398 normam
729 3338 903 3415 proponat,
937 3334 1114 3400 sedetiam
1136 3334 1314 3402 futurorum

152 3421 325 3501 praecipue
354 3424 533 3501 temporum
555 3420 637 3487 bono
661 3420 843 3504 prospiciat.
888 3421 1043 3486 Fomnalis
1066 3440 1140 3488 vero
1163 3422 1314 3506 definitio,

153 3525 224 3574 cum
259 3507 291 3572 vi
326 3525 385 3572 sua
418 3508 459 3571 ad
482 3509 586 3572 omnia
608 3508 701 3573 otiam
725 3512 885 3573 retroacta
908 3510 1036 3575 saecula
1058 3510 1313 3593 protenderetur,

152 3591 246 3661 facile
270 3594 453 3659 universum
475 3594 628 3661 historiae
652 3595 884 3661 ecclesiasticae
899 3614 1043 3678 campum
1059 3601 1223 3679 totumque
1237 3597 1314 3663 Bul-

151 3677 270 3748 larium
292 3681 513 3763 theologorum
528 3681 778 3748 cavillationibus
794 3686 826 3746 et
841 3681 1071 3749 haereticorum
1087 3684 1315 3768 implornmque

149 3769 309 3921 αάνςῐειὲε
332 3768 492 3834 Romanos
515 3767 684 3836 Pontifices
708 3770 992 3872 criminationibus,
1012 3772 1080 3854 jam
1102 3769 1168 3837 fere
1190 3773 1312 3855 sopitis,

147 3871 277 3940 apemre
296 3906 302 3920 .
