2946 4942
576 319 616 367 ne
640 319 780 373 securam
804 318 931 369 ceuceu.
1294 307 1335 367 tt

171 476 298 540 summo
321 464 459 539 pastore.
506 457 594 527 Haec
621 464 671 523 est
693 458 867 525 catholicae
891 459 1033 525 veritatis
1057 459 1208 536 doctrina,
1233 479 1252 525 a
1274 478 1337 552 pua

171 546 304 618 deviare
326 545 415 619 salva
436 540 498 621 fide
521 550 615 626 atque
631 545 731 615 salute
754 565 844 611 nemo
868 550 982 628 potest.
1029 546 1135 629 Quare
1149 547 1337 619 damnamus

168 640 272 719 atque
294 634 501 715 reprobamus
524 651 633 707 eorum
655 633 846 712 sententias,
879 634 932 719 qui
954 652 973 703 a
996 630 1057 699 fide
1081 633 1280 707 discedentes
1302 639 1336 701 et

168 720 378 801 attendentes
404 720 571 801 spiritibus
594 720 745 802 erroris1)
768 725 900 802 negant,
923 721 1078 802 primatus
1101 723 1336 804 potestatema

168 806 302 875 obusto
317 808 451 873 Domino
474 807 572 873 luisse
593 809 626 879 iu
647 808 739 873 beato
756 806 849 873 Petro
871 808 916 877 ita
931 807 1118 890 institutam,
1142 815 1179 881 ut
1201 809 1335 879 eundem

169 901 323 979 oporteat
337 903 507 979 perpetuos
530 896 562 959 in
578 894 694 961 collata
716 895 777 960 sibi
792 896 947 977 primatus
962 900 1120 977 potestate
1135 913 1334 972 successeras

170 982 308 1063 babere,
343 989 399 1057 aut
432 981 605 1062 affirmant,
639 982 852 1051 Romanorum
876 981 1062 1055 Pontificum
1080 983 1332 1074 jurisdictionem

171 1071 370 1145 ordinariam
391 1075 426 1136 et
440 1070 655 1136 immediatam
677 1088 741 1136 non
763 1088 833 1135 esse
855 1071 970 1139 tamin
994 1089 1102 1141 omnes
1125 1071 1218 1138 simul
1240 1090 1333 1153 quam

170 1159 207 1227 in
229 1158 370 1241 singulas
386 1177 527 1229 seorsum
550 1158 788 1240 particularium
804 1163 968 1239 pastorum
982 1159 1143 1227 eeclesias:
1166 1159 1333 1233 autetiam

168 1246 379 1327 contendunt,
396 1245 491 1312 licere
506 1247 546 1314 ab
559 1244 686 1327 judiciis
701 1247 914 1319 Romanorum
930 1243 1118 1315 Pontificum
1134 1246 1176 1310 ad
1190 1245 1333 1325 futurpm

167 1333 320 1417 generale
344 1332 518 1401 Concilium
541 1341 692 1417 tauquam
716 1332 755 1398 ad
781 1333 1004 1399 auctoritatem
1028 1335 1169 1403 Romano
1187 1331 1333 1411 Poetifiee

171 1422 369 1503 superiorem
392 1421 562 1503 appellare.

279 1507 328 1573 Ex
349 1509 409 1573 hac
432 1514 539 1575 autem
568 1525 731 1591 suprema,
768 1507 927 1574 ordinaria
949 1513 981 1573 et
1003 1509 1187 1586 immediata
1210 1515 1277 1585 turp
1299 1508 1332 1573 in

170 1594 352 1662 Ecclesiam
373 1595 592 1675 universalem,
616 1597 732 1659 tamin
755 1613 861 1665 onmes
885 1600 917 1659 et
932 1596 1072 1678 singulos
1093 1595 1331 1677 particularium

169 1682 385 1749 Ecclesiarum
419 1688 563 1764 pastores
597 1687 631 1747 et
667 1681 775 1747 fideles
809 1687 967 1765 potestate
997 1683 1226 1765 jurisdictionis
1259 1701 1332 1749 con·
1456 1742 1459 1747 .

169 1772 324 1853 sequitur,
356 1771 498 1835 Romano
521 1769 666 1837 Pontifici
688 1770 899 1836 necessarium
917 1770 970 1852 jus
993 1789 1077 1849 esse,
1112 1772 1145 1836 in
1167 1770 1260 1853 hujus
1281 1771 1331 1836 sui

170 1860 311 1924 muneris
335 1859 484 1924 exercitio
514 1858 612 1922 libere
635 1857 885 1922 communicandi
908 1876 978 1922 cum
1001 1859 1181 1940 pastoribus
1204 1863 1237 1923 et
1259 1876 1332 1940 gre·

166 1946 264 2028 gibus
287 1947 385 2011 totius
408 1945 582 2025 Ecclesiae,
617 1950 655 2010 ut
676 1945 772 2010 iidem
799 1945 839 2009 ab
863 1946 931 2027 ipso
962 1947 994 2010 in
1016 1947 1069 2012 uia
1092 1947 1203 2011 salutis
1226 1946 1331 2012 doceri

168 2052 207 2101 ac
229 2035 300 2116 regi
323 2035 453 2115 possint.
499 2034 605 2112 Quare
628 2032 813 2097 damnamus
845 2051 882 2098 ac
910 2034 1115 2114 reprobamus
1138 2034 1331 2115 perniciosas

167 2120 294 2187 illorum
317 2122 499 2200 sententias,
523 2121 578 2202 qui
598 2120 680 2184 hanc
703 2121 842 2201 supremi
865 2121 978 2202 capitis
1000 2139 1072 2186 cum
1095 2121 1275 2203 pastoribus
1298 2128 1331 2185 et

168 2210 320 2291 gregibus
354 2209 665 2275 communicationem
698 2207 927 2289 impediendam
962 2206 1083 2288 dicunt,
1119 2213 1177 2273 aut
1199 2207 1331 2273 eandem

165 2296 309 2362 ameum
330 2295 485 2361 saeculari
506 2297 658 2377 potestati
680 2295 856 2375 obnoxiam,
879 2296 925 2360 ita
947 2302 983 2361 ut
1005 2297 1213 2376 contendant,
1248 2312 1331 2377 quae

165 2385 210 2450 ab
232 2383 417 2466 apostolica
439 2383 522 2448 Sede
553 2383 603 2448 uel
634 2385 704 2465 ejus
727 2381 916 2447 audacitate
942 2384 983 2448 od
1006 2386 1148 2466 regimen
1171 2381 1330 2454 Ecclesiae

163 2473 415 2551 constituuntur,
438 2472 501 2535 rim
523 2487 562 2536 ac
585 2470 724 2535 valorem
748 2487 811 2534 non
833 2468 962 2549 habere,
987 2471 1048 2536 nisi
1070 2470 1238 2553 potestatis
1260 2486 1329 2535 eae·

165 2557 287 2624 colaris
309 2558 427 2641 placite
450 2556 681 2624 confirmentur.

547 2731 683 2798 onnus
707 2684 949 2798 annunnuu

405 2890 541 2948 nncpuro
564 2891 604 2939 na
626 2890 744 2966 manua
767 2889 933 2949 eodemus
955 2842 1095 2949 Puwtll·

211 3001 393 3078 Romanam
414 3013 603 3095 Pontificem
625 3013 663 3077 ia
685 3012 779 3085 robae
799 3012 877 3093 fidei
899 3016 928 3076 et
949 3031 1074 3077 camum
1096 3011 1284 3093 definiendis

585 3138 696 3183 errare
718 3137 781 3183 aea
798 3136 904 3201 posse.

272 3255 390 3323 Sancta
412 3258 556 3321 Romam
578 3256 722 3325 Ecclesia
756 3274 913 3321 sommum
948 3256 1134 3338 etplenum
1156 3258 1327 3338 primatum

149 3351 201 3409 et
220 3344 433 3427 principatum
459 3363 555 3426 super
584 3345 764 3410 universam
786 3344 962 3410 Ecclesiam
986 3343 1175 3430 catholicam
1197 3342 1327 3421 obtinet,

140 3449 260 3513 ouem
284 3450 318 3496 se
341 3431 381 3497 ab
405 3434 473 3512 ipso
489 3432 623 3497 Domino
646 3432 679 3496 in
701 3432 795 3498 beato
818 3433 914 3497 Petro
929 3431 1151 3513 Apostolorum
1173 3430 1327 3513 principe,

153 3521 256 3603 -onjus
272 3520 434 3585 Romanm
449 3519 593 3584 Pontifex
607 3525 658 3584 est
672 3537 845 3601 successor,
860 3537 932 3585 oum
948 3519 1116 3600 potestatis
1132 3517 1328 3600 plenitudine

162 3608 323 3689 recepisse
355 3608 514 3672 veraciter
549 3613 581 3672 et
614 3607 775 3672 humiliter
807 3608 1014 3690 recognoscit.
1059 3607 1102 3671 Et
1135 3607 1216 3670 aiant
1247 3622 1327 3688 prae

164 3696 303 3760 caeteris
326 3700 455 3760 tenetur
477 3692 549 3759 fidei
571 3695 739 3759 veritatem
764 3694 949 3773 defendere,
984 3695 1031 3759 sic
1061 3699 1095 3758 et
1121 3693 1150 3758 si
1182 3692 1327 3776 quaeda

156 3780 228 3847 ilde
251 3783 402 3848 subortae
426 3783 543 3846 luerint
565 3783 778 3862 quaestiones,
802 3800 861 3848 suo
884 3782 999 3848 debent
1017 3781 1136 3864 judicio
1159 3780 1326 3860 delinirii)

162 3868 210 3934 Et
242 3872 318 3951 quia
351 3881 425 3934 non·
449 3875 555 3949 potest
577 3870 704 3935 Domini
737 3871 837 3935 nostri
863 3870 942 3935 Jesu
965 3867 1084 3934 Christi
1117 3866 1328 3951 praetermitti

154 3958 325 4022 ⁴sententia
347 3957 497 4023 dicentis:
537 3957 602 4035 ,Tu
626 3976 660 4023 es
682 3957 797 4023 Petrus
820 3964 853 4023 et
875 3975 970 4039 super
991 3957 1072 4021 banc
1093 3962 1217 4038 pet-ram
1240 3954 1327 4021 aedi·

165 4042 266 4110 ilcabo
289 4043 463 4110 Ecclesiam
491 4047 661 4126 meam“,⁸)
695 4044 775 4112 haec
794 4063 878 4126 quae
899 4045 1096 4126 dictasunt,
1125 4063 1230 4114 rerum
1254 4060 1325 4126 pre-

276 4187 296 4255 1)
316 4186 368 4254 Ep.
387 4186 408 4239 I.
427 4184 464 4239 ad
481 4185 551 4242 Tim.
570 4184 617 4238 1v.
636 4185 658 4238 1.

273 4259 295 4393 ΖΞ
314 4254 621 4383 ῧῖιξξῗῐὶεὸἰιιῗηῗὸξὶᾱεί
641 4254 715 4308 edita
733 4251 875 4309 adreeeis
894 4253 1016 4319 indocte.
1029 4253 1138 4315 Oecpna
1152 4253 1277 4321 Lugduu.
1288 4253 1325 4317 ll.
