2946 4942
154 294 194 353 88
648 304 817 352 rosrunxrn

151 449 255 510 totam
269 449 523 526 repraesentans,
548 443 668 524 absque
684 442 871 509 Successore
885 441 996 508 Sancti
1011 443 1099 509 Petri
1123 443 1237 509 haberi
1251 461 1313 507 non

151 549 260 613 posse,
297 549 467 613 omnesque
496 529 632 596 Sanctae
662 529 752 596 Sedis
783 530 941 596 mandatis
975 531 1212 613 promptissimo
1241 530 1313 595 obe·

152 619 243 683 diunt
266 619 379 685 animo.
1336 633 1338 637 '

256 706 428 771 Praeterea
450 723 530 787 quae
553 707 593 771 de
615 703 776 771 Pontificis
792 707 924 770 Romani
948 707 1141 770 auctoritate
1165 704 1311 770 fidelibus

151 794 288 859 tenenda
310 794 374 859 sint
389 791 565 858 Concilium
579 792 799 857 Tridentinum
815 793 921 872 edixit,
938 790 1155 858 Florentinum
1179 809 1311 873 quoque,

152 882 243 964 cujus
271 900 310 945 ea
344 881 382 945 dc
412 900 446 946 re
474 881 635 946 decretum
666 883 698 945 in
729 881 852 944 cunctis
882 880 1078 961 singulisque
1107 897 1145 946 eo
1168 879 1311 945 sanctius

152 968 338 1033 observetur
361 973 500 1048 oportet,
532 969 680 1048 quoniam
702 966 863 1033 Ecclesiae
885 967 1005 1032 latinae
1028 975 1062 1031 et
1084 984 1220 1048 graecae
1244 984 1313 1031 con·

151 1073 246 1120 sensu
268 1055 422 1120 indictum
444 1061 509 1132 est,
545 1060 641 1136 atque
663 1055 691 1119 si
713 1055 866 1119 Dominus
899 1054 940 1119 ad
963 1053 1126 1119 Orientem
1148 1058 1199 1118 tot
1221 1052 1312 1119 malin

152 1161 339 1225 oppressum
362 1143 595 1208 misericordiae
612 1161 689 1207 suae
712 1141 819 1207 oculos
843 1147 1028 1207 convertere
1043 1142 1201 1223 dignetur,
1223 1141 1313 1205 unio·

152 1231 200 1294 nis
223 1230 438 1295 restituendae
460 1228 699 1295 fundamentum
723 1229 793 1293 erit.
837 1229 977 1310 Accedit,
1001 1230 1095 1311 quod,
1120 1235 1231 1294 nostra
1253 1227 1312 1293 hac

152 1323 354 1400 tempestate,
377 1319 530 1382 adversus
553 1336 619 1399 eos,
642 1318 753 1398 quiin
776 1316 958 1398 religionem
981 1323 1132 1399 tanquam
1155 1334 1315 1384 commen·

152 1412 220 1469 tum
254 1405 390 1470 humano
423 1407 531 1486 generi
564 1405 691 1469 exitiale
715 1411 923 1486 consurgunt,
959 1423 1065 1486 pugna
1100 1404 1141 1469 ab
1169 1403 1315 1470 Ecclesia

152 1492 337 1557 sustinenda
364 1493 406 1556 sit
428 1510 510 1557 nova
537 1500 570 1557 et
593 1511 613 1556 a
643 1492 776 1558 saeculis
805 1492 961 1571 inaudita,
990 1494 1036 1557 ita
1066 1498 1102 1557 ut
1124 1509 1188 1557 non
1210 1510 1311 1572 aeque

153 1579 329 1644 consultum
350 1580 496 1644 videatur
527 1579 651 1662 populis
675 1579 837 1644 catholicis
865 1587 914 1644 tot
936 1581 1075 1660 undique
1105 1579 1314 1643 machinatio·

152 1666 245 1731 nibus
268 1668 300 1731 in
324 1668 534 1732 tentationem
561 1668 697 1732 inductis
719 1666 854 1746 majora,
887 1685 981 1748 quam
1004 1685 1085 1748 quae
1108 1665 1222 1731 Patres
1245 1664 1314 1730 Tri·

153 1754 282 1834 dentiui,
306 1755 477 1836 imponere.

259 1840 338 1906 Cum
373 1843 456 1906 enim
490 1843 574 1907 inter
606 1843 744 1923 potiores
781 1843 925 1907 nationes
961 1841 1149 1908 Catholicae·
1181 1861 1313 1908 munere

153 1929 334 2011 Episcopali
356 1927 532 2010 iungamur,
564 1948 671 1994 rerum
693 1930 780 2010 apud
811 1948 865 1994 eas
888 1934 1008 1996 statum
1031 1930 1215 2011 quotidiano
1239 1949 1311 1996 uos·

153 2017 251 2082 cimus
274 2035 342 2096 usu,
365 2021 459 2098 atque
480 2017 552 2081 ideo
574 2016 665 2082 nobis
687 2034 799 2096 reapse
823 2022 948 2082 constat
972 2016 1185 2082 definitionem
1207 2017 1314 2100 hujus·

153 2104 248 2183 modi,
272 2122 353 2184 quae
376 2103 462 2168 uulla
485 2111 617 2185 cogente
649 2106 839 2168 necessitate
862 2105 1052 2185 postulatur,
1075 2123 1158 2168 nora
1180 2105 1314 2170 inimicis

152 2191 185 2255 in
207 2191 381 2256 Ecclesiam
405 2209 492 2255 arma
515 2191 798 2272 suppeditaturam,
823 2198 918 2272 atque
933 2191 1018 2273 apud
1040 2190 1194 2273 plurimos
1218 2192 1314 2256 etiarn

152 2278 294 2342 melioris
317 2283 411 2342 notae
439 2279 523 2343 viros
554 2277 620 2342 fore
643 2279 745 2342 minus
778 2287 958 2361 acceptam,
993 2279 1105 2353 itaut
1133 2278 1181 2343 illi
1203 2297 1314 2344 ansam

153 2371 350 2430 assumerent
372 2365 494 2447 reliqua
510 2362 691 2432 Catholicae
705 2364 865 2430 Ecclesiae
885 2366 958 2446 jura
980 2365 1166 2446 invadendi3
1190 2365 1223 2430 hi
1238 2385 1313 2433 vero

153 2453 251 2535 (quod
273 2454 377 2518 animo
401 2455 491 2519 nobis
514 2473 621 2519 coram
643 2455 711 2518 Deo
735 2459 768 2518 et
791 2453 968 2518 hominibus
992 2452 1056 2518 alte
1079 2451 1209 2518 infixum
1232 2452 1313 2534 Tibi,

152 2540 250 2605 Pater
272 2542 399 2623 optime,
421 2541 587 2622 adaperire
611 2541 792 2616 statuimus)
816 2559 879 2605 non
903 2542 1024 2620 absque
1047 2539 1188 2621 periculo
1213 2540 1313 2605 schis-

153 2627 256 2704 matis,
279 2629 312 2691 in
335 2629 512 2709 praecipuis
535 2628 696 2708 religionis
719 2635 846 2692 nostrae
869 2629 1082 2692 sanctissimae
1106 2625 1217 2692 officiis
1241 2647 1312 2710 per-

154 2715 323 2794 solvendis,
347 2715 498 2781 achonis
522 2716 669 2796 operibus
693 2715 902 2796 adimplendis
925 2714 1152 2780 relaxarentur.

258 2803 347 2867 Haec
363 2801 532 2867 Sanctitati
547 2803 642 2880 Tuae,
667 2821 707 2867 ea
729 2820 824 2883 quarn
841 2801 992 2884 Supremo
1009 2803 1148 2867 omnium
1171 2800 1311 2867 fidelium

153 2888 242 2952 Patri
265 2888 413 2954 debemus
438 2890 620 2955 sinceritate
642 2890 841 2970 exposuimus
864 2899 898 2953 et
920 2889 997 2968 Tuo,
1021 2907 1195 2970 precamur,
1226 2907 1312 2953 man·

154 2975 227 3041 dato
251 2975 316 3054 fiat,
352 2982 389 3041 ut
412 2976 555 3042 doctrina
584 2979 675 3059 cujus
699 2977 893 3042 sanctionem
921 2981 1034 3058 petunt
1057 2975 1197 3042 Concilio
1221 2995 1313 3042 oecu-

154 3064 275 3129 menico
299 3063 497 3129 discutienda
519 3065 605 3130 haud
626 3068 828 3146 proponatur.

259 3149 428 3217 Caeterum
456 3152 496 3216 ad
519 3151 616 3234 pedes
644 3157 716 3216 tuos
738 3151 897 3232 provoluti
928 3169 985 3232 pro
1009 3149 1107 3216 Nobis
1130 3156 1164 3215 et
1185 3151 1313 3234 populis

154 3239 302 3391 guogdad
330 3239 433 3304 Deum
467 3239 686 3322 perducendos
716 3239 908 3319 accepimus,
942 3237 1148 3320 apostolicam
1176 3239 1314 3320 petimus

175 3344 217 3390 en
258 3325 415 3390 ictiouem.

259 3447 377 3513 Romae
402 3448 453 3513 die
478 3452 528 3514 18.
551 3447 695 3513 lanuarii
720 3453 814 3514 1870.

585 3586 769 3653 Sanctitatis
791 3586 879 3651 Tuae

566 3725 743 3791 Humillimi
765 3725 958 3807 Obsequeut.
982 3725 1094 3791 Devot.
1116 3723 1208 3791 Servi

205 3884 293 3950 Huic
311 3883 524 3964 postulationi
546 3883 804 3962 sabsaipseruat
825 3888 944 3964 septem
968 3880 1104 3948 Concilic‘
1128 3879 1256 3948 Patres.

648 4147 836 4156 uanum-...wau-
