<?xml version="1.0" encoding="UTF-8"?>
<!DOCTYPE html PUBLIC "-//W3C//DTD XHTML 1.0 Transitional//EN"
    "http://www.w3.org/TR/xhtml1/DTD/xhtml1-transitional.dtd">
<html xmlns="http://www.w3.org/1999/xhtml" xml:lang="en" lang="en">
 <head>
  <title>
</title>
<meta http-equiv="Content-Type" content="text/html;charset=utf-8" />
  <meta name='ocr-system' content='tesseract 3.04.00' />
  <meta name='ocr-capabilities' content='ocr_page ocr_carea ocr_par ocr_line ocrx_word'/>
</head>
<body>
  <div class='ocr_page' id='page_1' title='image "./omniumconciliiv01martgoog_0091.png"; bbox 0 0 2946 4942; ppageno 0'>
   <div class='ocr_carea' id='block_1_1' title="bbox 154 329 841 392">
    <p class='ocr_par' dir='ltr' id='par_1_1' title="bbox 154 329 841 392">
     <span class='ocr_line' id='line_1_1' title="bbox 154 329 841 392; baseline 0.003 -2"><span class='ocrx_word' id='word_1_1' title='bbox 154 329 196 391; x_wconf 80' lang='grc'><strong>86</strong></span> <span class='ocrx_word' id='word_1_2' title='bbox 672 343 841 392; x_wconf 79' lang='lat' dir='ltr'><strong>rosrunnrn</strong></span> 
     </span>
    </p>
   </div>
   <div class='ocr_carea' id='block_1_2' title="bbox 151 461 1318 723">
    <p class='ocr_par' dir='ltr' id='par_1_2' title="bbox 151 461 1318 723">
     <span class='ocr_line' id='line_1_2' title="bbox 258 461 1314 565; baseline 0.003 -19"><span class='ocrx_word' id='word_1_3' title='bbox 258 461 406 547; x_wconf 75' lang='lat' dir='ltr'><strong>Getarum</strong></span> <span class='ocrx_word' id='word_1_4' title='bbox 428 481 470 547; x_wconf 85' lang='lat' dir='ltr'><strong>ad</strong></span> <span class='ocrx_word' id='word_1_5' title='bbox 497 482 594 564; x_wconf 89' lang='lat' dir='ltr'><strong>pedes</strong></span> <span class='ocrx_word' id='word_1_6' title='bbox 622 481 707 548; x_wconf 93' lang='lat' dir='ltr'><strong>Tuos</strong></span> <span class='ocrx_word' id='word_1_7' title='bbox 729 482 889 564; x_wconf 85' lang='lat' dir='ltr'>provoluti</span> <span class='ocrx_word' id='word_1_8' title='bbox 915 499 973 564; x_wconf 93' lang='lat' dir='ltr'><strong>pro</strong></span> <span class='ocrx_word' id='word_1_9' title='bbox 1004 484 1097 550; x_wconf 88' lang='lat' dir='ltr'><strong>nobis</strong></span> <span class='ocrx_word' id='word_1_10' title='bbox 1122 488 1155 549; x_wconf 90' lang='lat' dir='ltr'><strong>et</strong></span> <span class='ocrx_word' id='word_1_11' title='bbox 1179 483 1314 565; x_wconf 89' lang='lat' dir='ltr'><strong>populis,</strong></span> 
     </span>
     <span class='ocr_line' id='line_1_3' title="bbox 151 568 1318 723; baseline 0.003 -90"><span class='ocrx_word' id='word_1_12' title='bbox 151 568 424 723; x_wconf 40' lang='lat' dir='ltr'><strong>guozdffltisslssusslm</strong></span> <span class='ocrx_word' id='word_1_13' title='bbox 452 568 668 650; x_wconf 91' lang='lat' dir='ltr'><strong>perducendos</strong></span> <span class='ocrx_word' id='word_1_14' title='bbox 701 570 893 653; x_wconf 87' lang='lat' dir='ltr'><strong>accepimus,</strong></span> <span class='ocrx_word' id='word_1_15' title='bbox 924 570 1143 654; x_wconf 85' lang='lat' dir='ltr'><strong>Apostolicam</strong></span> <span class='ocrx_word' id='word_1_16' title='bbox 1178 572 1318 654; x_wconf 84' lang='lat' dir='ltr'><strong>petimus</strong></span> 
     </span>
    </p>
   </div>
   <div class='ocr_carea' id='block_1_3' title="bbox 258 777 1263 1106">
    <p class='ocr_par' dir='ltr' id='par_1_3' title="bbox 258 777 1263 1106">
     <span class='ocr_line' id='line_1_4' title="bbox 363 777 660 845; baseline -0.003 0"><span class='ocrx_word' id='word_1_17' title='bbox 363 777 549 845; x_wconf 88' lang='lat' dir='ltr'><strong>Sanctitatis</strong></span> <span class='ocrx_word' id='word_1_18' title='bbox 572 778 660 844; x_wconf 86' lang='lat' dir='ltr'><strong>Tuae</strong></span> 
     </span>
     <span class='ocr_line' id='line_1_5' title="bbox 258 900 882 969; baseline 0.006 -4"><span class='ocrx_word' id='word_1_19' title='bbox 258 900 377 966; x_wconf 88' lang='lat' dir='ltr'><strong>Datum</strong></span> <span class='ocrx_word' id='word_1_20' title='bbox 400 902 519 967; x_wconf 89' lang='lat' dir='ltr'><strong>Romae</strong></span> <span class='ocrx_word' id='word_1_21' title='bbox 543 900 764 968; x_wconf 73' lang='lat' dir='ltr'><strong>latimarii</strong></span> <span class='ocrx_word' id='word_1_22' title='bbox 788 904 882 969; x_wconf 81' lang='lat'><strong>1870.</strong></span> 
     </span>
     <span class='ocr_line' id='line_1_6' title="bbox 309 1023 1263 1106; baseline 0.002 -18"><span class='ocrx_word' id='word_1_23' title='bbox 309 1023 493 1106; x_wconf 86' lang='lat' dir='ltr'><strong>Humillimi‚</strong></span> <span class='ocrx_word' id='word_1_24' title='bbox 516 1023 800 1104; x_wconf 83' lang='lat' dir='ltr'><strong>obsequentissimi,</strong></span> <span class='ocrx_word' id='word_1_25' title='bbox 825 1023 1022 1090; x_wconf 84' lang='lat' dir='ltr'><strong>devotissimi</strong></span> <span class='ocrx_word' id='word_1_26' title='bbox 1044 1025 1127 1090; x_wconf 90' lang='lat' dir='ltr'><strong>servi</strong></span> <span class='ocrx_word' id='word_1_27' title='bbox 1245 1073 1263 1101; x_wconf 75' lang='grc'><em>,</em></span> 
     </span>
    </p>
   </div>
   <div class='ocr_carea' id='block_1_4' title="bbox 244 1162 1222 1245">
    <p class='ocr_par' dir='ltr' id='par_1_4' title="bbox 244 1162 1222 1245">
     <span class='ocr_line' id='line_1_7' title="bbox 244 1162 1222 1245; baseline 0.003 -18"><span class='ocrx_word' id='word_1_28' title='bbox 244 1163 332 1229; x_wconf 88' lang='lat' dir='ltr'><strong>Huic</strong></span> <span class='ocrx_word' id='word_1_29' title='bbox 348 1163 566 1245; x_wconf 76' lang='lat' dir='ltr'><strong>postulationi</strong></span> <span class='ocrx_word' id='word_1_30' title='bbox 587 1163 846 1244; x_wconf 72' lang='lat' dir='ltr'><strong>srubscrupseruut</strong></span> <span class='ocrx_word' id='word_1_31' title='bbox 866 1167 909 1228; x_wconf 83' lang='grc'><strong>46</strong></span> <span class='ocrx_word' id='word_1_32' title='bbox 933 1162 1071 1230; x_wconf 81' lang='lat' dir='ltr'><strong>Ooueilii</strong></span> <span class='ocrx_word' id='word_1_33' title='bbox 1093 1162 1222 1230; x_wconf 82' lang='lat' dir='ltr'><strong>Patres.</strong></span> 
     </span>
    </p>
   </div>
   <div class='ocr_carea' id='block_1_5' title="bbox 626 1373 836 1382">
    <p class='ocr_par' dir='ltr' id='par_1_5' title="bbox 626 1373 836 1382">
     <span class='ocr_line' id='line_1_8' title="bbox 626 1373 836 1382; baseline 0.01 -2"><span class='ocrx_word' id='word_1_34' title='bbox 626 1373 836 1382; x_wconf 74' lang='lat'><strong>---——.—-..</strong></span> 
     </span>
    </p>
   </div>
   <div class='ocr_carea' id='block_1_6' title="bbox 569 1528 894 1596">
    <p class='ocr_par' dir='ltr' id='par_1_6' title="bbox 569 1528 894 1596">
     <span class='ocr_line' id='line_1_9' title="bbox 569 1528 894 1596; baseline 0.006 -2"><span class='ocrx_word' id='word_1_35' title='bbox 569 1529 756 1595; x_wconf 83' lang='lat' dir='ltr'><strong>Beatissimo</strong></span> <span class='ocrx_word' id='word_1_36' title='bbox 778 1528 894 1596; x_wconf 87' lang='lat' dir='ltr'><strong>Pater!</strong></span> 
     </span>
    </p>
   </div>
   <div class='ocr_carea' id='block_1_7' title="bbox 150 1649 1319 3479">
    <p class='ocr_par' dir='ltr' id='par_1_7' title="bbox 152 1649 1317 1995">
     <span class='ocr_line' id='line_1_10' title="bbox 257 1649 1317 1739; baseline 0 -24"><span class='ocrx_word' id='word_1_37' title='bbox 257 1651 307 1716; x_wconf 88' lang='lat' dir='ltr'><strong>Ad</strong></span> <span class='ocrx_word' id='word_1_38' title='bbox 333 1652 432 1733; x_wconf 89' lang='lat' dir='ltr'><strong>pedes</strong></span> <span class='ocrx_word' id='word_1_39' title='bbox 454 1649 639 1739; x_wconf 87' lang='lat' dir='ltr'><strong>Sanctitatis</strong></span> <span class='ocrx_word' id='word_1_40' title='bbox 667 1651 754 1716; x_wconf 87' lang='lat' dir='ltr'><strong>Tuae</strong></span> <span class='ocrx_word' id='word_1_41' title='bbox 785 1651 942 1732; x_wconf 90' lang='lat' dir='ltr'><strong>provoluti</strong></span> <span class='ocrx_word' id='word_1_42' title='bbox 971 1651 1134 1716; x_wconf 91' lang='lat' dir='ltr'><strong>humiliter</strong></span> <span class='ocrx_word' id='word_1_43' title='bbox 1163 1656 1198 1716; x_wconf 90' lang='lat' dir='ltr'><strong>et</strong></span> <span class='ocrx_word' id='word_1_44' title='bbox 1220 1650 1317 1716; x_wconf 89' lang='lat' dir='ltr'><strong>enixe</strong></span> 
     </span>
     <span class='ocr_line' id='line_1_11' title="bbox 153 1736 1316 1822; baseline 0 -20"><span class='ocrx_word' id='word_1_45' title='bbox 153 1737 359 1822; x_wconf 84' lang='lat' dir='ltr'><strong>deprecamur</strong></span> <span class='ocrx_word' id='word_1_46' title='bbox 392 1744 428 1803; x_wconf 97' lang='lat' dir='ltr'><strong>ut</strong></span> <span class='ocrx_word' id='word_1_47' title='bbox 456 1740 599 1820; x_wconf 84' lang='lat' dir='ltr'><strong>quaestio</strong></span> <span class='ocrx_word' id='word_1_48' title='bbox 634 1740 674 1804; x_wconf 93' lang='lat' dir='ltr'><strong>de</strong></span> <span class='ocrx_word' id='word_1_49' title='bbox 708 1736 889 1804; x_wconf 89' lang='lat' dir='ltr'><strong>definitione</strong></span> <span class='ocrx_word' id='word_1_50' title='bbox 922 1737 1158 1805; x_wconf 81' lang='lat' dir='ltr'><strong>Iniallibilitatis</strong></span> <span class='ocrx_word' id='word_1_51' title='bbox 1190 1737 1316 1803; x_wconf 85' lang='lat' dir='ltr'><strong>Summi</strong></span> 
     </span>
     <span class='ocr_line' id='line_1_12' title="bbox 152 1822 1315 1909; baseline 0.001 -19"><span class='ocrx_word' id='word_1_52' title='bbox 152 1822 315 1893; x_wconf 88' lang='lat' dir='ltr'><strong>Pontificis</strong></span> <span class='ocrx_word' id='word_1_53' title='bbox 337 1830 488 1907; x_wconf 87' lang='lat' dir='ltr'><strong>tanquam</strong></span> <span class='ocrx_word' id='word_1_54' title='bbox 512 1827 668 1909; x_wconf 83' lang='lat' dir='ltr'><strong>dogmatis</strong></span> <span class='ocrx_word' id='word_1_55' title='bbox 695 1824 769 1891; x_wconf 87' lang='lat' dir='ltr'><strong>fidei</strong></span> <span class='ocrx_word' id='word_1_56' title='bbox 792 1824 930 1892; x_wconf 83' lang='lat' dir='ltr'><strong>Concilio</strong></span> <span class='ocrx_word' id='word_1_57' title='bbox 953 1826 1109 1892; x_wconf 85' lang='lat' dir='ltr'><strong>Vaticano</strong></span> <span class='ocrx_word' id='word_1_58' title='bbox 1131 1824 1218 1891; x_wconf 90' lang='lat' dir='ltr'><strong>haud</strong></span> <span class='ocrx_word' id='word_1_59' title='bbox 1242 1842 1315 1907; x_wconf 79' lang='lat' dir='ltr'><strong>pro</strong></span> 
     </span>
     <span class='ocr_line' id='line_1_13' title="bbox 152 1917 298 1995; baseline 0 -15"><span class='ocrx_word' id='word_1_60' title='bbox 152 1917 298 1995; x_wconf 90' lang='lat' dir='ltr'><strong>ponatur.</strong></span> 
     </span>
    </p>

    <p class='ocr_par' dir='ltr' id='par_1_8' title="bbox 151 1996 1317 2165">
     <span class='ocr_line' id='line_1_14' title="bbox 256 1996 1317 2082; baseline 0.001 -18"><span class='ocrx_word' id='word_1_61' title='bbox 256 1999 422 2067; x_wconf 90' lang='lat' dir='ltr'><strong>Petitionis</strong></span> <span class='ocrx_word' id='word_1_62' title='bbox 445 2001 583 2066; x_wconf 87' lang='lat' dir='ltr'><strong>rationes</strong></span> <span class='ocrx_word' id='word_1_63' title='bbox 599 2000 683 2064; x_wconf 90' lang='lat' dir='ltr'><strong>inter</strong></span> <span class='ocrx_word' id='word_1_64' title='bbox 697 1999 804 2082; x_wconf 92' lang='lat' dir='ltr'><strong>plures</strong></span> <span class='ocrx_word' id='word_1_65' title='bbox 816 2005 881 2066; x_wconf 89' lang='lat' dir='ltr'><strong>tres</strong></span> <span class='ocrx_word' id='word_1_66' title='bbox 905 2004 1038 2082; x_wconf 90' lang='lat' dir='ltr'><strong>tanturn,</strong></span> <span class='ocrx_word' id='word_1_67' title='bbox 1058 2017 1139 2082; x_wconf 91' lang='lat' dir='ltr'><strong>quae</strong></span> <span class='ocrx_word' id='word_1_68' title='bbox 1167 1996 1317 2066; x_wconf 83' lang='lat' dir='ltr'><strong>sufficere</strong></span> 
     </span>
     <span class='ocr_line' id='line_1_15' title="bbox 151 2088 614 2165; baseline 0.002 -12"><span class='ocrx_word' id='word_1_69' title='bbox 151 2088 308 2165; x_wconf 91' lang='lat' dir='ltr'><strong>videntur,</strong></span> <span class='ocrx_word' id='word_1_70' title='bbox 332 2088 489 2153; x_wconf 89' lang='lat' dir='ltr'><strong>adducere</strong></span> <span class='ocrx_word' id='word_1_71' title='bbox 510 2089 614 2155; x_wconf 86' lang='lat' dir='ltr'><strong>liceat.</strong></span> 
     </span>
    </p>

    <p class='ocr_par' dir='ltr' id='par_1_9' title="bbox 152 2172 1315 2345">
     <span class='ocr_line' id='line_1_16' title="bbox 256 2172 1315 2256; baseline 0 -18"><span class='ocrx_word' id='word_1_72' title='bbox 256 2175 363 2239; x_wconf 90' lang='lat' dir='ltr'><strong>Prima</strong></span> <span class='ocrx_word' id='word_1_73' title='bbox 385 2174 512 2256; x_wconf 91' lang='lat' dir='ltr'><strong>quidem</strong></span> <span class='ocrx_word' id='word_1_74' title='bbox 526 2175 611 2256; x_wconf 92' lang='lat' dir='ltr'><strong>quod</strong></span> <span class='ocrx_word' id='word_1_75' title='bbox 634 2175 785 2240; x_wconf 90' lang='lat' dir='ltr'><strong>discussio</strong></span> <span class='ocrx_word' id='word_1_76' title='bbox 801 2175 998 2256; x_wconf 85' lang='lat' dir='ltr'><strong>quaestionis</strong></span> <span class='ocrx_word' id='word_1_77' title='bbox 1021 2173 1110 2239; x_wconf 91' lang='lat' dir='ltr'><strong>clare·</strong></span> <span class='ocrx_word' id='word_1_78' title='bbox 1121 2172 1315 2238; x_wconf 89' lang='lat' dir='ltr'><strong>monstrabit</strong></span> 
     </span>
     <span class='ocr_line' id='line_1_17' title="bbox 152 2259 1292 2345; baseline -0.002 -18"><span class='ocrx_word' id='word_1_79' title='bbox 152 2261 308 2328; x_wconf 86' lang='lat' dir='ltr'><strong>deiectum</strong></span> <span class='ocrx_word' id='word_1_80' title='bbox 333 2263 464 2341; x_wconf 90' lang='lat' dir='ltr'><strong>unionis,</strong></span> <span class='ocrx_word' id='word_1_81' title='bbox 489 2264 521 2327; x_wconf 91' lang='lat' dir='ltr'><strong>et</strong></span> <span class='ocrx_word' id='word_1_82' title='bbox 542 2261 730 2345; x_wconf 88' lang='lat' dir='ltr'><strong>praesertim</strong></span> <span class='ocrx_word' id='word_1_83' title='bbox 753 2261 979 2340; x_wconf 87' lang='lat' dir='ltr'><strong>unanimitatis,</strong></span> <span class='ocrx_word' id='word_1_84' title='bbox 1003 2261 1086 2326; x_wconf 87' lang='lat' dir='ltr'><strong>inter</strong></span> <span class='ocrx_word' id='word_1_85' title='bbox 1107 2259 1292 2342; x_wconf 82' lang='lat' dir='ltr'><strong>Epismpos.</strong></span> 
     </span>
    </p>

    <p class='ocr_par' dir='ltr' id='par_1_10' title="bbox 151 2347 1319 2766">
     <span class='ocr_line' id='line_1_18' title="bbox 257 2347 1315 2431; baseline -0.003 -16"><span class='ocrx_word' id='word_1_86' title='bbox 257 2347 401 2415; x_wconf 90' lang='lat' dir='ltr'><strong>Secunda</strong></span> <span class='ocrx_word' id='word_1_87' title='bbox 422 2366 498 2415; x_wconf 91' lang='lat' dir='ltr'><strong>vero</strong></span> <span class='ocrx_word' id='word_1_88' title='bbox 521 2349 604 2431; x_wconf 92' lang='lat' dir='ltr'><strong>quod</strong></span> <span class='ocrx_word' id='word_1_89' title='bbox 631 2350 664 2414; x_wconf 93' lang='lat' dir='ltr'><strong>in</strong></span> <span class='ocrx_word' id='word_1_90' title='bbox 688 2349 933 2415; x_wconf 84' lang='lat' dir='ltr'><strong>circumstantiis</strong></span> <span class='ocrx_word' id='word_1_91' title='bbox 959 2348 1131 2429; x_wconf 92' lang='lat' dir='ltr'><strong>inquibus</strong></span> <span class='ocrx_word' id='word_1_92' title='bbox 1160 2366 1221 2412; x_wconf 77' lang='lat' dir='ltr'><strong>uos</strong></span> <span class='ocrx_word' id='word_1_93' title='bbox 1242 2364 1315 2412; x_wconf 91' lang='lat' dir='ltr'><strong>ver·</strong></span> 
     </span>
     <span class='ocr_line' id='line_1_19' title="bbox 151 2435 1319 2520; baseline -0.003 -17"><span class='ocrx_word' id='word_1_94' title='bbox 151 2455 260 2503; x_wconf 88' lang='lat' dir='ltr'><strong>samur</strong></span> <span class='ocrx_word' id='word_1_95' title='bbox 280 2437 313 2502; x_wconf 92' lang='lat' dir='ltr'><strong>in</strong></span> <span class='ocrx_word' id='word_1_96' title='bbox 335 2437 515 2520; x_wconf 83' lang='lat' dir='ltr'><strong>regionibus</strong></span> <span class='ocrx_word' id='word_1_97' title='bbox 531 2437 586 2502; x_wconf 92' lang='lat' dir='ltr'><strong>ubi</strong></span> <span class='ocrx_word' id='word_1_98' title='bbox 607 2435 754 2502; x_wconf 87' lang='lat' dir='ltr'><strong>haereses</strong></span> <span class='ocrx_word' id='word_1_99' title='bbox 777 2454 840 2501; x_wconf 90' lang='lat' dir='ltr'><strong>non</strong></span> <span class='ocrx_word' id='word_1_100' title='bbox 863 2437 965 2502; x_wconf 90' lang='lat' dir='ltr'><strong>solum</strong></span> <span class='ocrx_word' id='word_1_101' title='bbox 979 2436 1107 2518; x_wconf 87' lang='lat' dir='ltr'><strong>impune</strong></span> <span class='ocrx_word' id='word_1_102' title='bbox 1123 2436 1319 2519; x_wconf 80' lang='lat' dir='ltr'><strong>grassantur</strong></span> 
     </span>
     <span class='ocr_line' id='line_1_20' title="bbox 151 2520 1317 2605; baseline -0.006 -13"><span class='ocrx_word' id='word_1_103' title='bbox 151 2526 208 2592; x_wconf 91' lang='lat' dir='ltr'><strong>sed</strong></span> <span class='ocrx_word' id='word_1_104' title='bbox 230 2529 264 2590; x_wconf 87' lang='lat' dir='ltr'><strong>et</strong></span> <span class='ocrx_word' id='word_1_105' title='bbox 287 2524 505 2603; x_wconf 66' lang='lat' dir='ltr'><strong>dominantum</strong></span> <span class='ocrx_word' id='word_1_106' title='bbox 527 2522 667 2591; x_wconf 89' lang='lat' dir='ltr'><strong>definitio</strong></span> <span class='ocrx_word' id='word_1_107' title='bbox 690 2524 805 2588; x_wconf 92' lang='lat' dir='ltr'><strong>nedum</strong></span> <span class='ocrx_word' id='word_1_108' title='bbox 829 2524 1015 2603; x_wconf 88' lang='lat' dir='ltr'><strong>attraheret,</strong></span> <span class='ocrx_word' id='word_1_109' title='bbox 1039 2541 1057 2588; x_wconf 95' lang='lat' dir='ltr'><strong>e</strong></span> <span class='ocrx_word' id='word_1_110' title='bbox 1081 2528 1194 2588; x_wconf 89' lang='lat' dir='ltr'><strong>contra</strong></span> <span class='ocrx_word' id='word_1_111' title='bbox 1209 2520 1317 2605; x_wconf 80' lang='lat' dir='ltr'><strong>magis·</strong></span> 
     </span>
     <span class='ocr_line' id='line_1_21' title="bbox 151 2607 1316 2693; baseline -0.002 -16"><span class='ocrx_word' id='word_1_112' title='bbox 151 2612 191 2677; x_wconf 89' lang='lat' dir='ltr'><strong>ab</strong></span> <span class='ocrx_word' id='word_1_113' title='bbox 215 2611 359 2678; x_wconf 81' lang='lat' dir='ltr'><strong>Ecclesia</strong></span> <span class='ocrx_word' id='word_1_114' title='bbox 388 2610 542 2677; x_wconf 86' lang='lat' dir='ltr'><strong>alienaret</strong></span> <span class='ocrx_word' id='word_1_115' title='bbox 577 2628 733 2692; x_wconf 90' lang='lat' dir='ltr'><strong>eosquos</strong></span> <span class='ocrx_word' id='word_1_116' title='bbox 764 2612 848 2677; x_wconf 92' lang='lat' dir='ltr'><strong>omni</strong></span> <span class='ocrx_word' id='word_1_117' title='bbox 881 2610 997 2693; x_wconf 91' lang='lat' dir='ltr'><strong>pretio,</strong></span> <span class='ocrx_word' id='word_1_118' title='bbox 1029 2611 1113 2676; x_wconf 91' lang='lat' dir='ltr'><strong>omni</strong></span> <span class='ocrx_word' id='word_1_119' title='bbox 1144 2607 1316 2689; x_wconf 85' lang='lat' dir='ltr'><strong>sacrificio,</strong></span> 
     </span>
     <span class='ocr_line' id='line_1_22' title="bbox 151 2697 661 2766; baseline 0.004 -2"><span class='ocrx_word' id='word_1_120' title='bbox 151 2698 278 2766; x_wconf 82' lang='lat' dir='ltr'><strong>Christo</strong></span> <span class='ocrx_word' id='word_1_121' title='bbox 300 2697 485 2764; x_wconf 89' lang='lat' dir='ltr'><strong>lucrifacere</strong></span> <span class='ocrx_word' id='word_1_122' title='bbox 508 2698 661 2766; x_wconf 90' lang='lat' dir='ltr'><strong>volumus.</strong></span> 
     </span>
    </p>

    <p class='ocr_par' dir='ltr' id='par_1_11' title="bbox 150 2783 1316 3128">
     <span class='ocr_line' id='line_1_23' title="bbox 255 2783 1314 2868; baseline -0.002 -18"><span class='ocrx_word' id='word_1_123' title='bbox 255 2785 363 2852; x_wconf 87' lang='lat' dir='ltr'><strong>Tertia</strong></span> <span class='ocrx_word' id='word_1_124' title='bbox 385 2786 520 2868; x_wconf 92' lang='lat' dir='ltr'><strong>denique</strong></span> <span class='ocrx_word' id='word_1_125' title='bbox 542 2787 638 2868; x_wconf 86' lang='lat' dir='ltr'><strong>ratio,</strong></span> <span class='ocrx_word' id='word_1_126' title='bbox 672 2786 756 2867; x_wconf 91' lang='lat' dir='ltr'><strong>quod</strong></span> <span class='ocrx_word' id='word_1_127' title='bbox 777 2786 1031 2852; x_wconf 86' lang='lat' dir='ltr'><strong>interminabiles</strong></span> <span class='ocrx_word' id='word_1_128' title='bbox 1056 2786 1130 2851; x_wconf 91' lang='lat' dir='ltr'><strong>inde</strong></span> <span class='ocrx_word' id='word_1_129' title='bbox 1152 2783 1226 2849; x_wconf 88' lang='lat' dir='ltr'><strong>lites</strong></span> <span class='ocrx_word' id='word_1_130' title='bbox 1250 2784 1314 2849; x_wconf 92' lang='lat' dir='ltr'><strong>ori·</strong></span> 
     </span>
     <span class='ocr_line' id='line_1_24' title="bbox 150 2867 1316 2956; baseline -0.002 -18"><span class='ocrx_word' id='word_1_131' title='bbox 150 2880 241 2939; x_wconf 76' lang='lat' dir='ltr'><strong>iuras</strong></span> <span class='ocrx_word' id='word_1_132' title='bbox 256 2872 486 2955; x_wconf 87' lang='lat' dir='ltr'><strong>praevidemus,</strong></span> <span class='ocrx_word' id='word_1_133' title='bbox 509 2874 623 2956; x_wconf 91' lang='lat' dir='ltr'><strong>quibus</strong></span> <span class='ocrx_word' id='word_1_134' title='bbox 638 2891 716 2955; x_wconf 91' lang='lat' dir='ltr'><strong>opus</strong></span> <span class='ocrx_word' id='word_1_135' title='bbox 731 2873 897 2940; x_wconf 90' lang='lat' dir='ltr'><strong>ministerii</strong></span> <span class='ocrx_word' id='word_1_136' title='bbox 912 2873 1156 2955; x_wconf 90' lang='lat' dir='ltr'><strong>impediendum,</strong></span> <span class='ocrx_word' id='word_1_137' title='bbox 1181 2876 1214 2937; x_wconf 92' lang='lat' dir='ltr'><strong>et</strong></span> <span class='ocrx_word' id='word_1_138' title='bbox 1229 2867 1316 2936; x_wconf 84' lang='lat' dir='ltr'><strong>(lon-</strong></span> 
     </span>
     <span class='ocr_line' id='line_1_25' title="bbox 151 2956 1313 3044; baseline -0.005 -17"><span class='ocrx_word' id='word_1_139' title='bbox 151 2960 216 3027; x_wconf 87' lang='lat' dir='ltr'><strong>eilii</strong></span> <span class='ocrx_word' id='word_1_140' title='bbox 244 2959 338 3042; x_wconf 92' lang='lat' dir='ltr'><strong>hujus</strong></span> <span class='ocrx_word' id='word_1_141' title='bbox 366 2960 514 3027; x_wconf 87' lang='lat' dir='ltr'><strong>Vaticani</strong></span> <span class='ocrx_word' id='word_1_142' title='bbox 548 2960 670 3028; x_wconf 84' lang='lat' dir='ltr'><strong>fructus</strong></span> <span class='ocrx_word' id='word_1_143' title='bbox 700 2961 825 3028; x_wconf 90' lang='lat' dir='ltr'><strong>omnino</strong></span> <span class='ocrx_word' id='word_1_144' title='bbox 858 2961 965 3027; x_wconf 88' lang='lat' dir='ltr'><strong>forsan</strong></span> <span class='ocrx_word' id='word_1_145' title='bbox 995 2961 1195 3044; x_wconf 90' lang='lat' dir='ltr'><strong>perimendos</strong></span> <span class='ocrx_word' id='word_1_146' title='bbox 1227 2956 1313 3041; x_wconf 87' lang='lat' dir='ltr'><strong>apud</strong></span> 
     </span>
     <span class='ocr_line' id='line_1_26' title="bbox 151 3048 727 3128; baseline -0.003 -13"><span class='ocrx_word' id='word_1_147' title='bbox 151 3048 345 3115; x_wconf 84' lang='lat' dir='ltr'><strong>acatholicos</strong></span> <span class='ocrx_word' id='word_1_148' title='bbox 365 3048 521 3115; x_wconf 89' lang='lat' dir='ltr'><strong>timemus.</strong></span> <span class='ocrx_word' id='word_1_149' title='bbox 722 3122 727 3128; x_wconf 17' lang='grc' dir='ltr'>ι</span> 
     </span>
    </p>

    <p class='ocr_par' dir='ltr' id='par_1_12' title="bbox 150 3132 1317 3479">
     <span class='ocr_line' id='line_1_27' title="bbox 255 3132 1317 3217; baseline -0.003 -16"><span class='ocrx_word' id='word_1_150' title='bbox 255 3135 351 3202; x_wconf 89' lang='lat' dir='ltr'><strong>Hisce</strong></span> <span class='ocrx_word' id='word_1_151' title='bbox 381 3136 551 3202; x_wconf 78' lang='lat' dir='ltr'><strong>sanctitati</strong></span> <span class='ocrx_word' id='word_1_152' title='bbox 584 3135 672 3201; x_wconf 90' lang='lat' dir='ltr'><strong>Tuae</strong></span> <span class='ocrx_word' id='word_1_153' title='bbox 702 3136 825 3202; x_wconf 87' lang='lat' dir='ltr'><strong>sincero</strong></span> <span class='ocrx_word' id='word_1_154' title='bbox 860 3134 956 3203; x_wconf 90' lang='lat' dir='ltr'><strong>corde</strong></span> <span class='ocrx_word' id='word_1_155' title='bbox 987 3139 1021 3200; x_wconf 89' lang='lat' dir='ltr'><strong>et</strong></span> <span class='ocrx_word' id='word_1_156' title='bbox 1048 3135 1103 3217; x_wconf 90' lang='lat' dir='ltr'><strong>pia</strong></span> <span class='ocrx_word' id='word_1_157' title='bbox 1134 3132 1317 3199; x_wconf 87' lang='lat' dir='ltr'><strong>intentione</strong></span> 
     </span>
     <span class='ocr_line' id='line_1_28' title="bbox 151 3219 1313 3306; baseline -0.003 -17"><span class='ocrx_word' id='word_1_158' title='bbox 151 3223 315 3305; x_wconf 81' lang='lat' dir='ltr'><strong>expositis,</strong></span> <span class='ocrx_word' id='word_1_159' title='bbox 345 3223 448 3289; x_wconf 88' lang='lat' dir='ltr'><strong>Deum</strong></span> <span class='ocrx_word' id='word_1_160' title='bbox 471 3223 726 3306; x_wconf 69' lang='lat' dir='ltr'><strong>omnipotentem</strong></span> <span class='ocrx_word' id='word_1_161' title='bbox 753 3240 923 3306; x_wconf 87' lang='lat' dir='ltr'><strong>precamur</strong></span> <span class='ocrx_word' id='word_1_162' title='bbox 945 3227 983 3286; x_wconf 89' lang='lat' dir='ltr'><strong>ut</strong></span> <span class='ocrx_word' id='word_1_163' title='bbox 1012 3240 1104 3287; x_wconf 90' lang='lat' dir='ltr'><strong>omne</strong></span> <span class='ocrx_word' id='word_1_164' title='bbox 1126 3219 1249 3286; x_wconf 88' lang='lat' dir='ltr'><strong>malum</strong></span> <span class='ocrx_word' id='word_1_165' title='bbox 1271 3219 1313 3285; x_wconf 87' lang='lat' dir='ltr'><strong>ab</strong></span> 
     </span>
     <span class='ocr_line' id='line_1_29' title="bbox 151 3308 1315 3391; baseline -0.004 -15"><span class='ocrx_word' id='word_1_166' title='bbox 151 3310 294 3376; x_wconf 84' lang='lat' dir='ltr'><strong>Ecclesia</strong></span> <span class='ocrx_word' id='word_1_167' title='bbox 322 3316 446 3376; x_wconf 77' lang='lat' dir='ltr'><strong>aveuat</strong></span> <span class='ocrx_word' id='word_1_168' title='bbox 468 3311 588 3391; x_wconf 90' lang='lat' dir='ltr'><strong>Teque,</strong></span> <span class='ocrx_word' id='word_1_169' title='bbox 619 3310 934 3390; x_wconf 72' lang='lat' dir='ltr'><strong>Beatissimorum,</strong></span> <span class='ocrx_word' id='word_1_170' title='bbox 965 3308 1081 3376; x_wconf 88' lang='lat' dir='ltr'><strong>Sancto</strong></span> <span class='ocrx_word' id='word_1_171' title='bbox 1109 3326 1168 3374; x_wconf 89' lang='lat' dir='ltr'><strong>suo</strong></span> <span class='ocrx_word' id='word_1_172' title='bbox 1191 3308 1315 3391; x_wconf 89' lang='lat' dir='ltr'><strong>Spiritu</strong></span> 
     </span>
     <span class='ocr_line' id='line_1_30' title="bbox 150 3397 1282 3479; baseline -0.001 -16"><span class='ocrx_word' id='word_1_173' title='bbox 150 3397 291 3464; x_wconf 86' lang='lat' dir='ltr'><strong>illustret</strong></span> <span class='ocrx_word' id='word_1_174' title='bbox 312 3402 345 3464; x_wconf 88' lang='lat' dir='ltr'><strong>et</strong></span> <span class='ocrx_word' id='word_1_175' title='bbox 367 3397 493 3479; x_wconf 82' lang='lat' dir='ltr'><strong>dirigat.</strong></span> <span class='ocrx_word' id='word_1_176' title='bbox 1277 3444 1282 3449; x_wconf 90' lang='lat'>-</span> 
     </span>
    </p>
   </div>
   <div class='ocr_carea' id='block_1_8' title="bbox 240 3518 1223 3743">
    <p class='ocr_par' dir='ltr' id='par_1_13' title="bbox 240 3518 1223 3743">
     <span class='ocr_line' id='line_1_31' title="bbox 256 3518 952 3590; baseline -0.001 -3"><span class='ocrx_word' id='word_1_177' title='bbox 256 3519 375 3587; x_wconf 87' lang='lat' dir='ltr'><strong>Datum</strong></span> <span class='ocrx_word' id='word_1_178' title='bbox 396 3518 517 3587; x_wconf 87' lang='lat' dir='ltr'><strong>Romae</strong></span> <span class='ocrx_word' id='word_1_179' title='bbox 540 3520 591 3588; x_wconf 90' lang='lat' dir='ltr'><strong>die</strong></span> <span class='ocrx_word' id='word_1_180' title='bbox 616 3524 666 3590; x_wconf 82' lang='lat'><strong>15.</strong></span> <span class='ocrx_word' id='word_1_181' title='bbox 688 3518 833 3587; x_wconf 79' lang='lat' dir='ltr'><strong>ianuarii</strong></span> <span class='ocrx_word' id='word_1_182' title='bbox 859 3522 952 3587; x_wconf 81' lang='grc'><strong>1870.</strong></span> 
     </span>
     <span class='ocr_line' id='line_1_32' title="bbox 240 3628 1223 3743; baseline -0.002 -18"><span class='ocrx_word' id='word_1_183' title='bbox 240 3628 327 3727; x_wconf 82' lang='lat' dir='ltr'><strong>Huic</strong></span> <span class='ocrx_word' id='word_1_184' title='bbox 342 3660 559 3743; x_wconf 78' lang='lat' dir='ltr'><strong>postulationi</strong></span> <span class='ocrx_word' id='word_1_185' title='bbox 580 3660 840 3742; x_wconf 64' lang='lat' dir='ltr'><strong>subscripserant</strong></span> <span class='ocrx_word' id='word_1_186' title='bbox 861 3663 909 3724; x_wconf 79' lang='lat'><strong>27</strong></span> <span class='ocrx_word' id='word_1_187' title='bbox 933 3657 1074 3726; x_wconf 78' lang='lat' dir='ltr'><strong>Consilii</strong></span> <span class='ocrx_word' id='word_1_188' title='bbox 1094 3656 1223 3724; x_wconf 79' lang='lat' dir='ltr'><strong>Patres.</strong></span> 
     </span>
    </p>
   </div>
   <div class='ocr_carea' id='block_1_9' title="bbox 568 4025 893 4092">
    <p class='ocr_par' dir='ltr' id='par_1_14' title="bbox 568 4025 893 4092">
     <span class='ocr_line' id='line_1_33' title="bbox 568 4025 893 4092; baseline -0.009 0"><span class='ocrx_word' id='word_1_189' title='bbox 568 4026 755 4092; x_wconf 85' lang='lat' dir='ltr'><strong>Beatissime</strong></span> <span class='ocrx_word' id='word_1_190' title='bbox 778 4025 893 4091; x_wconf 85' lang='lat' dir='ltr'><strong>Pater!</strong></span> 
     </span>
    </p>
   </div>
   <div class='ocr_carea' id='block_1_10' title="bbox 152 4130 1319 4405">
    <p class='ocr_par' dir='ltr' id='par_1_15' title="bbox 152 4130 1319 4405">
     <span class='ocr_line' id='line_1_34' title="bbox 157 4130 1318 4235; baseline -0.003 -22"><span class='ocrx_word' id='word_1_191' title='bbox 157 4226 161 4235; x_wconf 32' lang='grc' dir='ltr'>Ι</span> <span class='ocrx_word' id='word_1_192' title='bbox 198 4218 202 4227; x_wconf 66' lang='grc'><strong>,</strong></span> <span class='ocrx_word' id='word_1_193' title='bbox 257 4130 441 4215; x_wconf 75' lang='lat' dir='ltr'><strong>iudiunus</strong></span> <span class='ocrx_word' id='word_1_194' title='bbox 479 4146 673 4216; x_wconf 76' lang='lat' dir='ltr'><strong>circumferri</strong></span> <span class='ocrx_word' id='word_1_195' title='bbox 708 4147 835 4233; x_wconf 81' lang='lat' dir='ltr'><strong>litteras</strong></span> <span class='ocrx_word' id='word_1_196' title='bbox 868 4146 954 4230; x_wconf 85' lang='lat' dir='ltr'><strong>typis</strong></span> <span class='ocrx_word' id='word_1_197' title='bbox 990 4144 1158 4210; x_wconf 85' lang='lat' dir='ltr'><strong>mandatas</strong></span> <span class='ocrx_word' id='word_1_198' title='bbox 1195 4144 1318 4225; x_wconf 77' lang='lat' dir='ltr'><strong>quibus</strong></span> 
     </span>
     <span class='ocr_line' id='line_1_35' title="bbox 153 4224 1315 4315; baseline -0.003 -16"><span class='ocrx_word' id='word_1_199' title='bbox 153 4224 273 4315; x_wconf 76' lang='lat' dir='ltr'><strong>patitui</strong></span> <span class='ocrx_word' id='word_1_200' title='bbox 304 4242 343 4302; x_wconf 90' lang='lat' dir='ltr'><strong>ut</strong></span> <span class='ocrx_word' id='word_1_201' title='bbox 371 4232 546 4302; x_wconf 77' lang='lat' dir='ltr'><strong>Concilium</strong></span> <span class='ocrx_word' id='word_1_202' title='bbox 573 4234 815 4302; x_wconf 81' lang='lat' dir='ltr'><strong>oecumenicum</strong></span> <span class='ocrx_word' id='word_1_203' title='bbox 848 4232 981 4300; x_wconf 87' lang='lat' dir='ltr'><strong>definiat</strong></span> <span class='ocrx_word' id='word_1_204' title='bbox 1010 4239 1163 4315; x_wconf 87' lang='lat' dir='ltr'><strong>tanquam</strong></span> <span class='ocrx_word' id='word_1_205' title='bbox 1198 4230 1315 4312; x_wconf 74' lang='lat' dir='ltr'><strong>dogma</strong></span> 
     </span>
     <span class='ocr_line' id='line_1_36' title="bbox 152 4316 1319 4405; baseline -0.002 -18"><span class='ocrx_word' id='word_1_206' title='bbox 152 4339 332 4405; x_wconf 88' lang='lat' dir='ltr'><strong>supremam</strong></span> <span class='ocrx_word' id='word_1_207' title='bbox 354 4322 487 4405; x_wconf 88' lang='lat' dir='ltr'><strong>ideoque</strong></span> <span class='ocrx_word' id='word_1_208' title='bbox 518 4323 558 4390; x_wconf 89' lang='lat' dir='ltr'><strong>ab</strong></span> <span class='ocrx_word' id='word_1_209' title='bbox 581 4341 689 4390; x_wconf 89' lang='lat' dir='ltr'><strong>errore</strong></span> <span class='ocrx_word' id='word_1_210' title='bbox 716 4323 887 4388; x_wconf 85' lang='lat' dir='ltr'><strong>immunem</strong></span> <span class='ocrx_word' id='word_1_211' title='bbox 916 4338 986 4388; x_wconf 86' lang='lat' dir='ltr'><strong>esse</strong></span> <span class='ocrx_word' id='word_1_212' title='bbox 1007 4318 1128 4386; x_wconf 85' lang='lat' dir='ltr'><strong>Summi</strong></span> <span class='ocrx_word' id='word_1_213' title='bbox 1149 4316 1319 4385; x_wconf 84' lang='lat' dir='ltr'><strong>Pontifirls</strong></span> 
     </span>
    </p>
   </div>
   <div class='ocr_carea' id='block_1_11' title="bbox 0 0 1478 4942">
    <p class='ocr_par' dir='ltr' id='par_1_16' title="bbox 0 0 1478 4942">
     <span class='ocr_line' id='line_1_37' title="bbox 0 0 1478 4942; baseline 0 1"><span class='ocrx_word' id='word_1_214' title='bbox 0 0 1478 4942; x_wconf 95' lang='lat' dir='ltr'><strong> </strong></span> 
     </span>
    </p>
   </div>
  </div>
 </body>
</html>
