2946 4942
548 348 588 393 na
612 348 708 394 ansus
731 348 916 396 noearrrcrs.
1278 334 1318 395 79

158 490 190 550 et
214 492 385 566 agnoscat,
408 495 503 568 prout
524 486 618 568 hujus
641 505 766 567 quoque
789 485 921 552 Concilii
945 488 1089 551 Vaticani
1114 487 1225 552 Patres
1248 485 1318 552 Ses-

157 575 247 636 sione
270 574 293 639 l.
319 575 482 638 unanimes
515 572 578 637 fide
598 573 705 654 jurata
728 582 894 652 voverunt,
919 581 1085 656 postquam
1108 581 1216 639 nostro
1239 580 1318 638 tern-

159 678 238 742 pore
271 662 393 725 inventi
426 667 502 725 sunt
535 662 632 725 etiam
663 660 811 725 catholici
839 663 894 742 qui
916 661 1078 727 infallibile
1102 662 1318 742 magisterium

160 746 248 811 Petri
272 766 328 812 seu
352 746 512 812 Pontificis
534 747 668 812 Romani
689 750 721 812 in
745 749 873 814 dubium
896 754 1046 813 vocarent
1069 755 1126 813 aut
1146 749 1240 830 plane
1264 766 1319 812 ne-

159 841 274 914 garent
296 840 329 898 et
352 835 536 916 impugnare
559 835 684 916 publice
707 835 799 899 editis
822 836 948 917 scriptis
972 841 1132 901 tentarent
1155 842 1250 916 atque
1272 839 1320 899 ta·

159 921 236 985 liter
268 920 444 986 Ecclesiam
478 921 576 986 Petra
616 921 690 987 fidei
729 941 826 1004 supra
861 941 954 1004 quam
996 921 1139 988 fundavit
1173 922 1319 988 Christus

159 1008 337 1074 Ecclesiam
360 1027 449 1072 suam
472 1010 597 1090 privare
622 1010 870 1088 conniterentur,
895 1028 946 1074 res
968 1010 1074 1075 vitalis
1096 1029 1153 1092 pro
1177 1009 1320 1074 Ecclesia

160 1094 281 1159 Christi
312 1101 423 1160 estut
455 1094 629 1160 Concilium
658 1097 717 1162 hoc
744 1098 932 1162 Vaticanum
968 1097 1194 1177 professionem
1228 1115 1318 1161 suam

161 1183 299 1247 Decreta
335 1183 484 1264 Synodali
516 1184 619 1247 denuo
652 1185 806 1249 enunciet.
859 1184 897 1248 ld
931 1190 1038 1249 tamen
1071 1204 1109 1249 ea
1136 1185 1259 1248 ratione
1288 1189 1320 1248 et

160 1269 263 1333 forma
297 1268 366 1350 fiat,
390 1277 425 1333 ut
448 1289 555 1334 omnes
578 1272 695 1336 inimici
717 1271 811 1354 hujus
833 1273 978 1337 veritatis
1001 1273 1220 1336 desarmentur
1242 1269 1320 1334 nihil

160 1357 317 1421 habentes
351 1358 435 1437 quod
455 1365 567 1422 contra
590 1358 672 1423 hano
695 1361 861 1423 veritatem
884 1358 1154 1424 fundamentalem
1176 1358 1319 1441 proferre

159 1445 283 1524 possint
316 1463 418 1525 neque
453 1451 675 1526 praetextuare
710 1447 838 1510 valeant
861 1446 1041 1511 Catholicos
1063 1445 1319 1511 infallibilitatem

159 1532 361 1613 personalem
395 1532 565 1597 humanam
599 1531 744 1597 Pontifici
765 1535 948 1611 attribuere
987 1553 1121 1615 eumque
1161 1531 1317 1607 deificare,

156 1637 271 1682 verum
293 1619 375 1682 hanc
397 1617 655 1684 infallibilitatem
675 1639 745 1686 esse
769 1620 941 1686 officiosam
963 1621 1141 1703 magisterii
1158 1622 1319 1702 ejusquae

156 1723 180 1767 a
204 1705 397 1771 revelatione
421 1725 440 1769 a
463 1708 530 1771 Deo
553 1706 670 1772 Sancto
693 1708 789 1772 Petro
813 1707 909 1788 facta,
934 1707 1061 1774 Christo
1084 1712 1233 1786 testante,
1257 1724 1320 1771 non

154 1810 237 1857 caro
271 1800 303 1857 et
335 1794 464 1874 sanguis
499 1794 653 1859 revelavit
685 1797 742 1860 tibi
776 1797 832 1860 sed
855 1796 952 1860 Pater
979 1813 1069 1860 meus
1091 1795 1145 1877 qui
1167 1795 1200 1859 in
1223 1794 1319 1862 coelis

156 1885 222 1958 est,
257 1880 424 1959 inchoata,
461 1886 492 1944 et
525 1901 582 1962 per
616 1882 831 1947 assistentiam
854 1882 971 1947 Christi
994 1888 1026 1947 et
1049 1882 1187 1964 Spiritus
1210 1880 1321 1946 Sancti

155 1966 300 2049 Spiritus
323 1967 466 2033 veritatis
489 1970 543 2048 qui
566 1970 660 2035 datus
684 1976 733 2034 est
756 1969 912 2035 Ecclesiae
935 1988 1014 2051 quae
1038 1989 1095 2051 per
1107 1969 1211 2050 Caput
1229 1986 1321 2033 suum

154 2053 346 2122 Pontificem
379 2055 556 2120 Romanum
585 2058 758 2122 annunciat
790 2056 884 2122 fidem
917 2063 949 2122 et
985 2061 1157 2142 praecepta
1192 2055 1319 2137 mundo,

157 2143 350 2207 continuata
372 2148 404 2207 et
428 2145 641 2208 continuanda
663 2153 712 2209 est
734 2162 834 2228 usque
858 2145 900 2209 ad
921 2145 1030 2209 mundi
1043 2143 1147 2210 finem.
1169 2142 1321 2224 Haecque

160 2234 214 2292 est
237 2234 327 2309 petra
348 2228 422 2294 fidei
445 2230 611 2294 immobilis
634 2250 691 2313 per
713 2231 970 2297 infallibilitatem
991 2238 1023 2296 et
1039 2232 1109 2296 ideo
1124 2230 1321 2309 invincibilia,

160 2316 213 2378 cui
235 2317 353 2380 insistit
376 2334 439 2397 qua
460 2317 666 2383 fundamento
695 2320 844 2384 universa
872 2337 1026 2401 compago
1049 2317 1213 2384 Ecclesiae
1239 2335 1321 2398 quae

156 2403 248 2467 dirui
281 2421 343 2468 non
378 2404 479 2484 possit
519 2406 667 2485 quoniam
709 2405 843 2471 fundata
877 2410 925 2471 est
959 2424 1054 2488 supra
1090 2404 1211 2469 firmam
1247 2403 1322 2470 fidei

160 2493 296 2573 petram.

270 2576 417 2641 Formula
450 2597 525 2643 vero
557 2579 684 2644 Decroti
719 2580 814 2664 hujus
849 2580 1021 2663 dogmatici
1049 2585 1159 2662 posset
1181 2596 1252 2643 esse
1275 2595 1323 2642 se-

157 2681 278 2743 quens:

269 2751 423 2828 Quoniam
455 2757 562 2817 nostro
597 2758 739 2834 tempore
766 2752 959 2819 manifestati
982 2759 1056 2818 sunt
1079 2751 1153 2818 falsi
1175 2754 1322 2817 doctores

159 2838 358 2918 decipientes
393 2839 515 2905 animas
549 2840 591 2904 ad
623 2860 693 2905 eam
726 2861 850 2923 quoque
879 2842 1101 2906 auctoritatem
1124 2840 1319 2922 spiritualem

161 2918 364 2989 infallibilem
388 2925 609 2991 infirmandam
633 2947 727 3009 qnam
749 2930 901 2994 Dominus
930 2935 962 2994 et
985 2927 1071 2993 Deus
1101 2933 1209 2993 noster
1231 2927 1324 2992 lesus

162 3011 312 3077 Christus
336 3012 482 3078 Salvator
504 3015 612 3078 mundi
634 3017 666 3080 in
695 3016 794 3081 Beato
817 3016 912 3081 Petro
934 3015 1157 3097 Apostolorum
1179 3014 1325 3095 Principe

159 3100 276 3180 quiin
299 3102 365 3165 suis
388 3102 622 3166 successoribus
645 3104 792 3169 Romanis
815 3102 1018 3168 Pontificibus
1047 3121 1171 3183 semper
1194 3103 1269 3165 vivit
1292 3107 1324 3165 et

153 3185 316 3270 judicium
350 3194 474 3252 exercet
505 3207 715 3270 superquam
739 3209 800 3272 qua
823 3189 946 3255 firmam
968 3188 1043 3254 fidei
1065 3189 1192 3253 Petram
1216 3186 1324 3253 aedifi-

163 3275 250 3338 cavit
266 3273 441 3339 Ecclesiam
458 3294 620 3358 scampno
637 3276 798 3343 Ecclesiae
814 3279 977 3358 omnisque
993 3277 1153 3342 societatis
1169 3276 1325 3341 humanae

159 3360 271 3426 salute
295 3361 420 3427 disertis
443 3365 547 3428 verbis
570 3365 716 3444 instituit,
742 3384 837 3446 aqna
854 3383 952 3447 genus
969 3366 1141 3429 humanum
1156 3368 1325 3445 praecepta

163 3449 226 3513 Dei
248 3453 281 3512 et
301 3451 453 3515 veritates
478 3451 599 3515 divinas
617 3450 775 3517 infallibili
790 3453 979 3518 certitudine
995 3453 1079 3517 omni
1094 3456 1237 3532 tempore
1252 3469 1325 3532 per·

160 3536 272 3618 cipere
294 3537 408 3617 possit:
433 3539 541 3602 Visum
557 3543 605 3601 est
620 3538 750 3620 Spiritui
773 3547 881 3605 sancto
904 3546 936 3604 et
958 3540 1030 3603 huic
1052 3539 1168 3604 Sancto
1186 3537 1324 3602 Concilio

160 3623 248 3687 hanc
275 3625 568 3704 perniciosissimam
595 3626 789 3706 impietatem
816 3626 1055 3691 fundamentum
1081 3625 1242 3690 Ecclesiae
1266 3624 1325 3689 Dei

158 3715 361 3776 evertentem
384 3717 416 3775 et
430 3711 593 3776 infallibile
608 3714 826 3794 Magisterium
841 3712 1003 3779 Romanae
1018 3714 1180 3778 Ecclesiae
1195 3717 1326 3795 propter

162 3799 356 3862 residentem
379 3800 412 3862 in
435 3818 474 3864 ea
495 3806 621 3880 petram
637 3799 710 3865 fidei
726 3803 760 3865 in
775 3820 911 3882 persona
926 3800 1160 3866 suecessorisB
1200 3802 1224 3864 ti
1241 3799 1325 3865 Petri

159 3886 287 3951 Summi
311 3886 469 3950 Pontificio
493 3897 719 3967 pernegantem
749 3889 900 3956 detestari
924 3896 957 3953 et
981 3890 1164 3953 decernere.
1198 3887 1325 3966 Siquis

164 3974 283 4038 dixerit
305 3973 482 4038 Ecclesiam
504 3974 678 4040 Romanam
713 3994 775 4040 non
803 3994 874 4041 esse
896 3976 1033 4040 Matrem
1057 3977 1193 4039 omnium
1217 3973 1326 4039 Eccle-

162 4063 286 4124 siarum
318 4064 350 4124 et
373 4061 560 4143 Magistram
596 4068 693 4143 atque
715 4081 753 4128 ex
777 4061 938 4128 Cathedra
961 4063 1048 4128 Petri
1070 4064 1211 4127 Romana
1234 4078 1327 4143 posse

159 4148 344 4212 doctrinam
384 4147 609 4214 heterodoxam
638 4152 672 4214 in
705 4151 800 4214 rebus
830 4151 902 4215 fidei
925 4157 958 4215 et
980 4169 1102 4215 morum
1124 4149 1328 4232 pronunciari

160 4240 264 4316 atque
286 4236 404 4300 mundo
427 4238 604 4317 praedicari
627 4256 690 4301 non
713 4239 860 4304 obstante
883 4237 1001 4303 Christi
1018 4244 1051 4302 et
1066 4236 1203 4321 Spiritus
1218 4237 1327 4302 Sancti

159 4320 303 4406 Spiritus
336 4325 480 4389 veritatis
514 4325 568 4406 qui
590 4324 688 4390 datus
709 4331 759 4390 est
782 4325 946 4392 Ecclesiae·
965 4327 1113 4392 continua
1136 4330 1231 4406 atque
1254 4341 1327 4410 per-
