2946 4942
665 341 833 390 Possumne

736 532 760 599 Ι.

524 672 576 738 De
599 671 742 738 Judu‘cu'is
767 670 971 738 Glertcoruru.

269 813 306 877 In
336 811 445 894 Belgio
468 811 621 876 Tribunal
647 810 905 877 Ecclesiasticum
929 813 961 877 in
994 810 1125 880 01611616
1145 813 1325 895 judicandis

162 899 266 979 potius
289 904 456 981 paternum
478 900 587 964 vocari
609 904 726 981 posset,
749 897 847 980 fitque
871 902 938 965 sine
961 899 1025 964 ullo
1049 901 1197 983 strepitu.
1236 904 1325 968 Pres-

161 985 264 1069 byteri
287 985 423 1069 prolapsi
452 987 492 1052 ab
515 986 672 1068 Episcopo
694 993 849 1051 vocantur
871 994 905 1052 et
928 988 1156 1053 correctionem
1180 1007 1325 1071 poenam·

162 1090 224 1153 que
246 1074 365 1155 passim
388 1073 525 1139 subeunt
548 1072 713 1152 submisse,
736 1073 868 1138 firmiter
884 1075 1028 1157 persuasi
1050 1074 1127 1140 haec
1151 1073 1223 1140 fieri
1244 1076 1326 1159 juste

163 1166 195 1225 61
216 1161 474 1226 misericorditer.
519 1161 555 1226 In
578 1159 736 1226 tabulario
759 1162 811 1225 vix
837 1161 957 1242 aliquid
980 1168 1128 1227 servatur
1156 1181 1219 1244 quo
1244 1161 1325 1228 16616

162 1245 247 1313 01611
274 1249 418 1312 imminui
451 1247 620 1330 aliquando
651 1249 765 1330 possit,
800 1248 861 1312 6161
894 1248 1117 1329 praevideatur
1150 1253 1325 1318 necessitas

161 1335 332 1400 adhibendi
353 1337 509 1417 quaedam
532 1335 729 1410 documenta,
754 1335 781 1398 si
804 1336 842 1400 de
867 1336 1027 1401 sententia
1048 1336 1239 1417 appelletur.

266 1422 451 1496 Postulatur
478 1425 585 1504 itaque
608 1429 644 1486 ut
667 1422 805 1486 addatur
836 1423 870 1486 in
893 1423 1028 1488 decretis
1059 1424 1098 1489 de
1117 1424 1272 1506 judiciis:
1301 1427 1326 1490 si

160 1509 279 1574 alicubi
301 1511 407 1576 omnia
429 1515 558 1591 paterne
581 1508 669 1587 fiant,
693 1510 740 1574 ita
764 1515 799 1573 ut
822 1509 989 1591 disciplina
1011 1510 1231 1578 ecclesiastica
1254 1513 1324 1578 iude

47 1656 49 1662 s
160 1596 282 1661 nullum
312 1598 462 1663 damnum
484 1598 635 1681 patiatur,
667 1597 749 1662 hanc
771 1598 908 1678 praxim,
939 1599 1175 1664 mansuetudini
1207 1597 1326 1665 Christi

160 1683 362 1765 conformem,
386 1685 589 1751 nullomodo
612 1685 823 1766 improbatam
845 1684 1004 1751 volumus

721 1909 761 1973 11.

491 2048 543 2113 De
568 2047 764 2114 Olerr'coruru
785 2047 987 2115 Semtuorr‘is.

265 2187 438 2253 Seminaria
459 2187 493 2252 in
514 2187 625 2270 Belgio
647 2186 761 2253 florent
783 2188 894 2253 studiis
918 2193 951 2253 et
972 2206 1048 2253 vera
1070 2189 1202 2272 pietate,
1228 2210 1269 2257 ex
1290 2211 1324 2257 eo

158 2275 243 2356 quod
276 2275 395 2340 alumni
428 2274 614 2340 humaniora
648 2275 803 2339 discentes
837 2275 1014 2341 educantur
1046 2277 1079 2340 in
1112 2277 1251 2360 minori,
1291 2283 1325 2344 ut

158 2363 266 2428 vocari
295 2362 390 2444 solet,
425 2362 618 2441 Seminario‚
655 2374 741 2428 veste
776 2364 919 2427 modesta
952 2381 1015 2428 non
1049 2370 1158 2429 tumen
1194 2385 1323 2446 prorsus

157 2449 296 2515 clericali
326 2450 444 2528 induti,
479 2451 605 2515 omnino
635 2450 778 2533 separati
812 2451 853 2515 ab
883 2450 1025 2515 Alumnis
1057 2451 1112 2532 qui
1146 2451 1321 2536 disciplinis

156 2537 343 2619 theologicis
365 2536 557 2604 incumbunt.
608 2536 650 2602 Hi
672 2543 779 2602 autem
802 2538 843 2601 ad
865 2539 991 2603 ordines
1014 2555 1076 2603 non
1099 2538 1319 2619 admittuntur,

157 2630 332 2706 antequam
354 2642 412 2706 per
434 2622 563 2706 longum
585 2628 719 2706 tempus,
748 2642 846 2690 annos
870 2625 990 2691 scilicet
1012 2631 1077 2690 tres
1101 2625 1154 2690 vel
1175 2631 1318 2709 quatuor,

156 2712 189 2776 in
213 2710 366 2777 Convietu
396 2710 564 2777 Seminarii
597 2713 689 2794 quasi
719 2713 752 2776 in
782 2712 937 2778 novitiatu
967 2712 1085 2779 ordinis
1113 2714 1317 2782 ecclesiastici

156 2799 301 2863 vixerint.
725 2851 734 2865 ‚a

261 2884 445 2950 Postulatur
475 2886 583 2965 itaque
616 2892 652 2950 ut
681 2885 741 2952 hoc
769 2885 1014 2952 Seminariorum
1041 2888 1185 2968 regimen
1210 2906 1314 2972 appro

155 2971 257 3051 betur,
281 2971 331 3037 vel
364 2971 477 3037 saltem
500 2972 586 3037 nullo
614 2973 707 3039 modo
729 2973 938 3055 improbetur;
972 2975 1189 3057 improbatum
1212 2978 1312 3058 utique

155 3059 317 3125 videretur
340 3060 368 3126 si
389 3061 473 3125 nude
496 3061 695 3142 praescripta
717 3058 848 3126 06661111
875 3061 1051 3127 Tridentini
1073 3062 1112 3128 de
1136 3062 1310 3129 Seminariis

154 3147 400 3213 inculcarentur.
886 3156 888 3160 ”
904 3159 906 3162 ’

706 3338 762 3404 ΙΠ.

210 3476 263 3543 De
285 3477 452 3543 collotioue
476 3478 683 3543 ecclesiarum
702 3477 941 3558 parochialium
964 3485 994 3544 et
1015 3481 1260 3546 succurrentium.

261 3620 290 3681 1.
315 3615 493 3684 Concursus
516 3619 558 3682 ad
573 3615 674 3682 06166
696 3618 876 3699 pastorales
897 3619 931 3683 in
946 3618 1054 3700 Belgio
1078 3620 1125 3685 616
1140 3620 1302 3687 6111166161.

152 3703 333 3786 Presbyteri
356 3708 388 3769 in
412 3723 538 3770 sacrum
566 3705 777 3771 ministerium
799 3705 888 3770 missi
909 3706 960 3771 vel
982 3707 1024 3771 ad
1046 3706 1224 3774 docendam
1243 3706 1303 3773 616

151 3791 335 3856 lescentiam
368 3792 527 3874 deputati,
563 3793 693 3873 singulis
722 3793 812 3857 annis
843 3792 895 3858 vel
917 3792 1052 3858 bienniis
1084 3794 1118 3858 in
1142 3792 1302 3862 Seminario

149 3884 387 3961 congregantur
409 3886 443 3944 et
464 3899 522 3961 per
546 3898 676 3944 examen
698 3881 730 3944 iu
754 3880 891 3961 scriptio,
916 3880 1000 3961 quod
1018 3883 1115 3962 quasi
1136 3881 1303 3949 06661666

151 3966 307 4046 appellari
329 3971 449 4048 potest,
481 3985 572 4031 suum
595 3969 628 4032 in
652 3967 794 4032 doctrina
828 3985 920 4032 sacra
940 3985 1147 4050 progressum
1169 3971 1303 4052 probant

152 4050 295 4118 Examen
316 4054 394 4119 illud
424 4072 481 4119 seu
506 4052 687 4120 Concursus
715 4073 773 4136 per
795 4053 947 4139 plurimos
971 4073 1071 4121 annos
1094 4056 1201 4136 durat,
1232 4053 1304 4123 etri

150 4137 245 4219 huius
268 4143 471 4206 nominantur
494 4146 716 4208 concurrentes
739 4143 780 4206 ad
796 4140 898 4208 06166
919 4144 1095 4225 pastorales
1118 4162 1202 4227 quae
1223 4161 1304 4212 6666-

150 4225 265 4290 verint.
311 4227 392 4293 Hinc
413 4230 556 4311 sequitur
577 4228 765 4295 Sacerdotes
796 4247 860 4295 non
882 4234 1007 4294 tautum
1028 4231 1132 4310 666161,
1156 4238 1194 4298 at
1217 4231 1306 4316 Syuo

151 4313 211 4378 dus
235 4313 419 4380 Tridentino
441 4318 583 4397 requirit,
607 4316 664 4381 sed
686 4318 787 4382 sexies
810 4324 865 4382 aut
888 4319 986 4382 etiam
1009 4317 1116 4384 decies
1138 4320 1306 4402 periculum
