2946 4942
163 335 223 395 178
654 345 820 393 eosnnmn

159 488 273 567 ubique
298 486 495 550 observanda
522 485 704 566 etquidem
735 485 905 549 summaria
933 487 1181 566 praescribatur.
1239 488 1328 566 Quia

160 581 265 639 autem
300 575 332 637 in
366 591 497 654 corpore
527 574 608 654 juris
638 573 778 637 canonici
811 572 971 654 permulta
1002 576 1207 639 inveniantur
1228 595 1326 656 prae-

160 663 294 743 scripta,
326 680 407 742 quae
438 663 470 725 in
500 661 749 740 praesentiarum
773 678 836 724 non
868 660 1004 740 amplius
1026 663 1145 726 habent
1167 664 1325 744 vigorem,

160 751 295 813 maxime
317 748 489 829 optandum
512 752 571 825 est,
603 754 639 810 ut
661 764 742 811 nova
772 747 915 812 collectio
938 746 995 812 fiat
1018 767 1126 813 eorum
1149 768 1323 831 canonum,

160 837 212 917 qui
236 836 337 901 adhuc
360 837 467 916 vigent
490 835 612 899 omissis
635 833 795 911 omnibuS,
828 836 881 915 qui
902 837 968 910 ‚iarn
991 837 1136 916 abrogati
1159 855 1231 902 esse
1256 839 1325 920 dig·

159 931 340 988 noscuntur.
386 923 560 1004 Propterea
594 921 768 986 humillime
799 922 949 1004 petimus,
984 929 1021 986 ut
1051 923 1082 990 S.
1107 923 1257 1006 Synodus
1283 927 1326 990 ad

159 1011 395 1074 Sanctissimnm
419 1011 548 1075 Patrem
572 1010 689 1090 dirigat
711 1009 898 1090 supplicam,
930 1017 1086 1090 quatenus
1110 1013 1151 1076 ad
1175 1013 1326 1093 redigen-

159 1100 230 1162 dam
254 1099 405 1180 ejusmodi
437 1097 489 1163 SS.
514 1095 676 1161 Canobum
706 1114 817 1159 novam
850 1097 1062 1162 collectionem
1089 1100 1173 1164 viros
1197 1099 1325 1181 aliquos

159 1186 365 1267 peritissimos
388 1186 542 1267 deputare
566 1184 721 1265 dignetur.

714 1376 768 1439 VI.

262 1516 458 1602 Breviorinm
481 1514 656 1579 Romanum
685 1514 843 1578 nonnullis
872 1515 950 1580 locis
977 1517 1133 1596 quaedam
1167 1519 1324 1599 continet,

159 1621 237 1684 quae
261 1622 331 1668 cum
355 1604 484 1666 historia
508 1611 596 1667 certa
618 1603 679 1665 lide
709 1602 805 1682 digna
827 1607 859 1665 et
881 1622 960 1668 sana
984 1605 1014 1668 S.
1037 1603 1224 1685 Scripturae
1248 1625 1325 1671 exe-

158 1693 224 1772 gesi
258 1710 320 1754 non
356 1691 480 1754 omnino
515 1691 680 1754 convenire
703 1688 862 1766 videntur·;
897 1708 995 1771 quare
1021 1693 1174 1772 petimus,
1209 1697 1248 1755 ut
1282 1695 1325 1759 ad

159 1779 358 1859 corrigendos
382 1777 534 1858 ejusmodi
564 1776 649 1841 locos
672 1776 837 1841 nonnullos
863 1776 1057 1842 Breviarium
1092 1780 1243 1844 revisioni
1269 1799 1324 1846 ac-

159 1873 288 1930 curatae
311 1864 503 1944 subjiciatur.
543 1864 704 1944 Simulque
726 1867 870 1944 petimus,
894 1870 931 1928 ut
954 1865 1176 1931 Sacerdotibus
1201 1866 1324 1933 saltem

158 1954 276 2017 curatis
299 1955 509 2033 permittatur,
534 1951 669 2016 officium
693 1952 881 2015 matutinum
905 1970 1029 2032 semper
1044 1952 1084 2017 ab
1107 1953 1188 2018 hora
1209 1973 1323 2036 ponne

157 2041 279 2104 ridiana
310 2040 445 2104 secunda
480 2040 680 2119 anticipando
703 2039 852 2119 recitare,
886 2041 961 2120 quia
992 2047 1104 2121 postea
1125 2058 1223 2122 saepe
1248 2041 1323 2107 aliis

157 2125 369 2191 functionibus
391 2128 457 2191 suis
479 2128 618 2190 muneris
640 2127 862 2206 impediuntur.

698 2317 768 2381 VII.

264 2459 433 2523 Decretum
457 2457 488 2522 S.
505 2456 635 2523 Consilii
650 2457 827 2521 Tridentini
850 2458 889 2521 de
904 2475 1060 2523 concursu
1082 2477 1139 2539 pro
1154 2461 1321 2540 parochiis

156 2545 284 2628 speciali
306 2546 499 2610 instituendo
523 2546 555 2608 in
578 2544 685 2608 multis
708 2543 913 2624 amplioribus
938 2546 1131 2611 dioecesibus
1153 2566 1321 2628 nunquam

154 2635 187 2697 in
209 2651 300 2699 nsum
324 2634 474 2713 pervenit,
497 2634 530 2695 in
545 2632 651 2697 multis
675 2630 745 2696 aliis
761 2636 866 2695 autern
884 2634 951 2714 jam
967 2633 1163 2714 approbante
1187 2633 1220 2700 S.
1235 2635 1321 2701 Sede

155 2720 337 2800 Apostolica
353 2721 495 2801 ejusdem
519 2718 588 2784 loco
611 2718 703 2784 hodie
728 2736 900 2783 concursus
915 2720 1071 2801 generalis
1094 2721 1135 2784 ad
1150 2721 1320 2803 exploran-

156 2809 229 2871 dam
252 2808 416 2872 scientiam
447 2814 479 2870 et
502 2808 699 2887 omnigenam
722 2806 927 2871 idoneitatem
953 2808 1168 2885 Sacerdotem,
1200 2811 1254 2889 qui
1279 2811 1320 2875 ad

155 2895 323 2976 parochiae
345 2912 458 2957 munus
490 2894 663 2974 adspirant,
695 2893 839 2960 habetur.
889 2893 1063 2976 Propterea
1094 2896 1247 2976 petimuS,
1284 2903 1320 2962 ut

155 2982 236 3046 illud
260 2981 291 3046 S.
315 2979 443 3046 Concilii
466 2981 642 3045 Tridentini
672 2980 831 3044 decretum
854 2983 1003 3046 revisioni
1029 2983 1250 3063 submittatur,
1286 2992 1319 3049 et

155 3089 193 3136 ea
216 3070 366 3134 examinis
396 3070 461 3133 sive
484 3085 653 3133 concursus
681 3086 791 3132 norma
814 3071 1059 3151 praescribatur,
1092 3088 1175 3150 quae
1199 3071 1320 3152 ubique

153 3158 260 3222 valeat
281 3175 318 3220 ac
342 3157 456 3220 debeat
479 3157 649 3222 observari.
938 3150 953 3177 ⁶

688 3329 772 3394 VIII.

259 3470 393 3550 Propter
423 3469 609 3550 gravissima
639 3469 840 3546 detrimenta,
860 3469 989 3549 ,quibus
1012 3487 1069 3548 per
1097 3469 1180 3550 juris
1203 3477 1314 3553 patro·

153 3564 249 3624 natus
271 3558 342 3622 laici
367 3556 498 3622 abusum
522 3556 607 3620 salus
632 3557 807 3620 animarum
823 3573 917 3636 saepe
938 3555 1082 3633 afficitur,
1107 3558 1255 3637 petimus,
1282 3564 1315 3623 nt

153 3646 275 3711 meliori
297 3648 407 3726 quovis
422 3645 515 3708 modo
538 3643 611 3708 huic
634 3643 716 3708 malo
731 3643 855 3707 medela
878 3641 1035 3708 afferatur.
1071 3643 1160 3720 Quod
1178 3643 1314 3711 fortasse

153 3733 222 3799 fieri
237 3739 343 3814 potest
358 3751 415 3814 per
430 3732 669 3813 praescriptum,
687 3735 721 3794 ut
736 3735 889 3810 patronus
903 3730 1002 3794 laicus
1017 3731 1101 3795 inter
1116 3735 1183 3796 tres
1200 3732 1241 3797 ab
1254 3731 1312 3797 Or-

153 3822 276 3887 dinario
299 3819 509 3902 designandos
526 3818 713 3883 Sacerdotes
737 3818 1003 3898 praesentandum
1019 3818 1137 3899 eligere
1152 3824 1310 3885 teneatur.

705 4008 759 4074 IX.

258 4155 301 4220 Ut
331 4152 517 4234 gravissima
547 4150 638 4226 mala,
669 4168 750 4230 quae
773 4167 811 4212 ex
841 4149 907 4212 vita
929 4149 1044 4212 vitiosa
1066 4154 1099 4212 et
1121 4149 1307 4214 scandaloso

150 4242 278 4326 parochi
303 4241 497 4320 altorumque
520 4237 724 4304 Sacerdotum
746 4237 778 4300 in
802 4235 952 4318 populum
969 4233 1094 4300 fidelem
1115 4236 1307 4313 redundant,

150 4329 272 4396 facilius
295 4329 407 4392 evitari
430 4326 479 4390 vel
502 4325 603 4390 averti
624 4325 754 4405 possint,
779 4325 923 4404 petimus,
947 4328 984 4388 ut
1006 4325 1089 4387 inter
1111 4341 1222 4388 causas
1245 4324 1307 4405 pri·
