2946 4942
615 309 655 354 na
677 307 855 357 orsmmnvn.
1115 334 1118 338 »
1255 292 1316 354 151

159 445 287 512 verbnm
303 444 442 510 divinum
457 446 648 511 annuntiare
663 446 839 524 studerent,
862 450 899 510 ut
922 451 955 511 et
977 447 1103 527 ignaros
1126 445 1260 524 erudire,
1284 451 1319 512 et

158 538 341 617 peccatores
374 533 415 597 ad
436 535 663 614 poenitentiam
687 537 872 598 convertere
903 537 936 598 et
955 533 1059 615 justos
1091 535 1122 597 in
1145 533 1197 597 via
1219 528 1318 598 virtu·

158 627 223 685 tom
246 638 431 702 promovere
453 619 624 685 efficaciter
645 627 784 702 possent.

261 707 502 788 Praeciperetur
531 727 655 790 quoque
678 713 729 789 ut,
763 709 796 772 in
818 707 1053 788 parochialibus
1082 708 1244 795 quibusvis
1268 725 1320 772 ec-

157 795 270 874 clesiis,
295 795 448 860 Doctrina
471 795 650 874 christiana,
683 797 717 860 in
739 801 870 876 prona’is
894 800 927 860 et
949 795 1163 874 concionibus,
1187 812 1246 875 per
1268 813 1320 859 or-

157 882 272 961 dinem,
297 885 481 962 successive,
507 883 662 965 complete
687 889 719 948 et
740 883 844 948 lucide
867 883 1064 960 traderetur3
1086 882 1133 947 ita
1156 887 1193 946 ut
1216 899 1317 963 nemo,

154 970 326 1051 parochiae
367 989 444 1035 suae
476 972 747 1052 praedicationum
781 972 908 1035 auditor
946 971 1106 1049 assiduus,
1144 969 1319 1049 Religionis

157 1057 320 1139 dogmata,
351 1065 524 1139 praecepta
551 1065 584 1125 et
607 1064 808 1124 sacramenta
830 1059 979 1139 ignorare
1002 1063 1128 1139 posset3
1158 1058 1199 1122 ad
1222 1074 1317 1137 quem

157 1146 251 1209 etiam
275 1143 368 1210 finem
398 1146 532 1210 multum
563 1147 701 1227 J'uvabit,
735 1148 762 1211 si
789 1146 964 1225 interdum,
995 1146 1044 1209 bis
1067 1165 1096 1212 v.
1120 1163 1151 1226 g.
1173 1145 1206 1208 in
1228 1161 1320 1224 anno,

156 1232 335 1314 praecipuis
365 1234 499 1298 maxime
533 1232 772 1312 festivitatibus
807 1234 932 1313 quando
965 1232 1068 1313 plebis
1098 1233 1199 1314 major
1230 1231 1322 1296 adest

158 1337 343 1399 concursus,
379 1326 449 1385 tota
479 1321 642 1386 doctrinae
667 1322 857 1387 christianae
890 1320 987 1386 series
1010 1319 1148 1384 breviter
1178 1324 1212 1383 et
1235 1318 1319 1383 clare
1417 1361 1421 1368 ι

158 1413 376 1490 exponeretur.

158 1649 209 1715 De
224 1650 391 1732 postorali
413 1650 626 1715 sollicitudine
648 1671 727 1733 erpo
735 1671 857 1731 pueros
879 1655 909 1714 et
926 1652 1074 1732 jacentem
1098 1654 1128 1714 et
1146 1650 1258 1728 primo
1282 1649 1321 1711 de

290 1834 293 1838 Ι
356 1756 517 1837 frequenti
541 1762 570 1819 et
592 1755 703 1819 sedule
719 1775 898 1835 puerorum
922 1756 1122 1835 confessicae.

176 1970 180 1977 ¹
264 1893 344 1960 Cum
360 1896 541 1959 adultorum
559 1899 650 1959 tanta
666 1914 748 1975 pars,
772 1894 872 1959 virilis
887 1895 1057 1976 praecipue
1074 1911 1176 1972 sexus,
1200 1892 1321 1973 praxim

160 1980 373 2048 Christianam
396 2000 527 2063 prorsus
557 1982 714 2064 negligat,
751 1982 899 2047 ecclesias
922 2000 1034 2063 pamm
1066 1981 1257 2060 frequentet,
1290 1984 1325 2044 et

159 2077 269 2136 sancto
294 2069 377 2134 Cleri
400 2068 530 2134 influxui
559 2087 592 2133 se
616 2088 714 2151 prope
738 2070 881 2134 totaliter
896 2069 1073 2146 subtrahat,
1096 2068 1232 2146 maximi,
1263 2067 1324 2131 hac

159 2165 271 2223 nostra
298 2159 485 2238 praesertim
520 2161 642 2236 aetate,
677 2158 829 2222 momenti
863 2162 948 2221 esset
978 2161 1014 2221 ut
1046 2155 1217 2237 pastoralis
1248 2172 1325 2219 cura

159 2245 309 2326 zelusque
332 2244 539 2310 sacerdotalis
563 2245 738 2324 sollicitius,
766 2250 799 2308 et
821 2245 931 2325 quovis
954 2244 1097 2325 possibili
1119 2244 1222 2321 mode,
1247 2259 1325 2321 erga

159 2351 274 2414 pueros
298 2351 335 2397 ac
353 2333 487 2415 juvenes
516 2351 550 2397 se
573 2334 801 2414 impenderent.
849 2332 1060 2409 Quamobrem
1088 2330 1180 2395 valde
1212 2333 1326 2412 optan-

160 2421 233 2486 dum
260 2421 432 2500 videretur,
464 2421 698 2500 instantiusque
721 2419 911 2501 postulatur,
940 2424 976 2482 ut
1006 2438 1045 2483 ea
1073 2419 1111 2482 de
1134 2436 1186 2496 re,
1217 2421 1327 2480 tantae

159 2509 270 2589 utique
292 2515 325 2574 et
347 2513 413 2572 tam
444 2509 587 2589 urgentis
610 2509 822 2587 necessitatis,
852 2507 1007 2589 parochos
1030 2522 1139 2570 omnes
1162 2522 1201 2569 ac
1224 2520 1326 2567 sacer-

161 2596 250 2662 dotes
266 2596 437 2660 admonere
452 2595 550 2660 vellet
566 2595 748 2675 Concilium,
765 2595 1111 2674 vehementissimeque,
1128 2595 1196 2656 tum
1213 2590 1313 2655 adhor

160 2684 268 2764 tando,
292 2689 360 2748 tum
384 2685 479 2748 etiarn
503 2683 734 2765 praecipiendo,
764 2700 818 2747 eos
841 2683 883 2746 ad
905 2682 938 2746 id
959 2681 1138 2747 faciendum
1160 2679 1326 2744 excitaret.

226 2794 236 2802 ·
264 2771 309 2836 Et
342 2772 461 2853 primo:
497 2789 568 2836 cum
603 2776 743 2848 matura,
777 2769 925 2851 frequens
959 2776 992 2834 et
1027 2768 1138 2834 sedula
1173 2764 1326 2832 confessio

160 2857 409 2925 efficacissimum
425 2860 467 2924 sit
482 2859 618 2924 medium
641 2876 703 2938 quo
718 2859 810 2939 pueri
835 2858 937 2922 averti
955 2875 973 2920 a
987 2857 1074 2921 vitiis
1098 2860 1131 2919 et
1146 2853 1326 2919 christianis

159 2946 328 3013 virtutibus
351 2947 450 3011 imbui
473 2948 605 3028 possint,
629 2945 831 3017 nihilominus
857 2964 932 3011 vero
955 2963 1047 3009 nemo
1069 2941 1192 3007 nesciat
1214 2959 1328 3022 puero·

158 3050 227 3099 rum
251 3033 481 3100 confessionem
509 3054 529 3099 a
550 3032 714 3115 permultis
745 3032 892 3114 parochis
915 3031 1007 3095 valde
1030 3030 1161 3111 negligi,
1193 3045 1327 3092 commo·

158 3127 297 3189 neantur
325 3126 359 3186 et
383 3122 555 3203 jubeantur
587 3139 695 3186 omnes
719 3120 900 3185 sacerdotes
932 3137 1039 3184 curam
1071 3118 1248 3182 animarum
1271 3114 1326 3179 ha·

156 3205 286 3289 bontas,
319 3215 356 3273 ut
382 3209 544 3291 parvulos,
579 3209 689 3273 statim
719 3227 756 3272 ae
786 3208 919 3272 rationis
947 3211 1087 3270 aetatem
1110 3204 1221 3285 adepti
1244 3205 1326 3282 sunt,

155 3296 345 3365 confitentes
368 3296 479 3361 audire
501 3296 662 3378 incipiant,
693 3294 875 3376 frequenter
898 3312 953 3359 eos
977 3293 1017 3357 ad
1040 3310 1165 3357 sacrum
1188 3289 1329 3356 tribunal

150 3390 343 3463 accersant,
378 3388 412 3448 et
444 3388 571 3448 teneras
605 3385 744 3465 ipsorum
779 3383 916 3462 animas,
952 3379 1073 3446 Christi
1104 3381 1257 3460 sanguine
1279 3396 1329 3441 re·

150 3471 315 3554 demptas,
350 3489 370 3535 a
392 3471 530 3552 peccatis
554 3471 730 3550 absolvere,
763 3477 795 3535 et
819 3470 860 3534 ad
883 3471 1035 3551 pietatem
1060 3468 1257 3546 virtutesque
1279 3465 1328 3528 in-

149 3555 309 3638 formare,
333 3558 418 3624 omni
440 3576 502 3639 quo
526 3562 676 3639 poterunt
698 3557 776 3636 zelo,
801 3557 959 3623 studeant.

148 3783 209 3852 De
236 3783 444 3851 Cotecbc'smc's
461 3785 592 3866 primae
620 3784 833 3849 communicat
859 3782 1017 3864 praeviis,
1053 3786 1084 3847 et
1112 3780 1150 3845 de
1173 3783 1328 3862 juvenum

614 3889 867 3968 perseverantia.

266 4025 480 4093 Saluberrima
502 4029 609 4109 praxis
631 4045 746 4109 pueros
769 4028 810 4092 ad
831 4029 967 4111 primam
989 4026 1246 4106 communionem,
1270 4043 1328 4106 per

156 4116 283 4196 aliquot
304 4133 420 4192 annos,
451 4116 650 4180 catechismis
671 4115 821 4197 publicis,
853 4120 887 4180 et
908 4113 1175 4195 frequentioribus
1204 4111 1327 4178 confes-

158 4203 302 4268 sionibus
324 4203 552 4285 praeparandi‚
584 4204 760 4269 uberrimos
783 4201 918 4281 fructus,
954 4201 1143 4281 ubicumque
1174 4199 1229 4266 ille
1258 4217 1327 4265 mos

159 4295 309 4371 receptus
331 4288 391 4369 est,
413 4291 570 4371 produxit.
610 4290 713 4356 Valde
735 4291 832 4373 igitur
854 4289 992 4372 optabile
1007 4290 1177 4369 videretur,
1201 4307 1220 4354 a
1244 4284 1326 4353 Con·
