2946 4942
621 370 660 416 mr
683 369 861 417 urscrmruu.
1256 361 1319 423 227

159 507 257 571 datur
279 512 321 588 et,
344 506 400 588 ita,
424 507 563 587 antiquis
577 507 791 588 repristinatis
806 506 938 588 viribus,
961 527 1043 576 novo
1059 528 1157 592 eoque
1174 514 1321 581 continuo

156 610 331 676 progressu
352 593 411 658 Pia
433 599 592 676 augeatur
615 593 731 675 Opera.

265 681 310 746 Et
332 680 373 746 ad
396 681 480 748 hunc
493 687 560 746 tam
576 682 756 763 optabilem,
771 687 838 747 mm
853 681 963 748 utilem
975 683 1170 752 christinam
1186 690 1320 756 nominis

156 786 217 849 per
250 767 358 833 orbem
391 772 494 833 totum
526 768 669 834 dilationi
700 767 795 833 finem
828 772 1076 853 procurandum,
1111 774 1162 840 vel
1194 777 1322 843 unicum

157 853 305 1017 ειιήἶὶοοτο
320 854 455 925 Sanctae
470 855 560 923 Sedis
577 861 610 921 et
625 854 853 923 Oecumenicae
868 857 987 940 Synodi
1002 859 1175 928 Vaticanae
1189 865 1321 930 verbum

157 967 217 1019 con
241 948 353 1020 dirms.
1063 985 1066 991 ·

265 1040 370 1107 Sacris
392 1037 442 1104 his
464 1037 537 1105 freti
561 1038 745 1117 rationibus,
768 1036 974 1102 venerabiles
989 1035 1111 1115 Patres,
1135 1037 1321 1120 suppliciter

156 1130 297 1210 petimus
312 1132 349 1192 ut
363 1127 456 1193 later
466 1126 606 1193 Decreta
621 1146 702 1208 qaae
717 1125 755 1190 de
770 1124 985 1190 Misslooc'lras
1004 1124 1167 1190 catholicas
1182 1125 1321 1192 Sanctm

157 1222 189 1282 et
205 1214 428 1280 Oecameoicae
442 1213 570 1298 sponoe
590 1213 764 1287 Vaticaaoe
776 1216 1005 1290 proponentur,
1026 1232 1125 1277 anum
1141 1212 1322 1294 adjiciatur

158 1323 220 1386 pao
240 1302 324 1368 Piae
341 1300 464 1382 Operae
480 1323 500 1365 a
515 1300 755 1384 Propapatc'one
769 1299 867 1363 Fo'olec'
889 1305 1102 1379 nuncupatae,
1118 1307 1148 1365 et
1169 1301 1320 1367 solemnis
1444 1379 1453 1394 α

159 1390 201 1454 ab
224 1389 374 1455 Ecclesia
396 1389 591 1455 consecratio
613 1394 643 1453 el
664 1407 748 1452 aava
770 1386 997 1451 eorameodatic
1020 1387 1191 1452 tribuatur.

264 1475 394 1543 Minime
418 1477 501 1542 enim
524 1476 703 1542 dubitamus
726 1474 803 1556 quin
825 1474 937 1540 eunde
958 1493 1033 1540 vere
1056 1474 1221 1541 catholicis
1243 1475 1320 1542 Piae

159 1565 285 1646 Operae
303 1564 489 1629 Rectoribns
513 1564 636 1629 animus
659 1562 797 1628 addatur
819 1580 929 1642 nocua,
953 1567 986 1626 et
1009 1560 1148 1627 fidelium
1171 1563 1322 1629 incitetur

157 1651 246 1718 zelus
269 1652 325 1717 ubi
346 1651 552 1735 languescere
574 1649 708 1716 forsitan
730 1651 815 1715 visus
838 1653 897 1714 est.

266 1739 369 1818 Quam
401 1740 536 1820 gratiam
571 1740 688 1805 duma
716 1737 822 1817 Vobis,
847 1735 1051 1802 venerabiles
1074 1737 1199 1818 Patres,
1223 1744 1257 1802 et
1279 1738 1321 1803 ab

158 1824 371 1892 Oecumenica
392 1824 517 1910 Synodo
549 1826 709 1891 humiliter
740 1824 988 1907 expostulamus,
1023 1843 1145 1889 summa
1177 1843 1248 1890 cum
1270 1844 1321 1891 re-

157 1914 303 1979 verentia
325 1912 468 1996 profiteri
490 1932 548 1979 uos
571 1914 744 1997 gloriamur

525 2035 593 2104 ΕΕ.
617 2041 649 2101 et
670 2035 736 2102 RR.
761 2036 852 2103 Dum.
876 2037 963 2102 Vest.

329 2141 423 2207 llum.
447 2146 482 2206 et
504 2142 582 2207 Der.
606 2142 638 2207 in
662 2141 797 2206 Domino
819 2140 934 2208 Servos
957 2145 990 2206 et
1012 2139 1152 2219 Fratres.

267 2280 356 2346 Huic
370 2280 594 2362 postulationi,
619 2281 777 2346 eabibc'lae
800 2280 853 2345 die
874 2284 929 2344 23.
953 2280 1230 2358 Jaoaarc'c'1870,

415 2368 675 2448 subscripserant
696 2371 757 2431 110
781 2365 920 2432 Oeaclle'c'
941 2366 1067 2432 Patres.

233 2845 238 2850 ,
549 2749 601 2831 21.
629 2747 934 2831 pessumum

312 2907 356 2973 m
380 2907 571 2971 aarum
594 2905 854 2972 sosonnnmr
878 2906 1180 2974 oarunmmuu.

566 3081 771 3146 Venerabiles
794 3080 925 3145 Patres!

267 3217 461 3303 Praecipuus
495 3222 576 3285 inter
600 3219 856 3285 christifidelium
880 3237 1008 3300 operae,
1042 3237 1123 3300 quae
1157 3225 1224 3285 tum
1253 3241 1324 3303 pre·

155 3309 261 3388 cibus,
286 3314 355 3373 tum
378 3309 603 3391 eleemosynis,
629 3326 720 3388 opem
743 3307 943 3372 missionibus
974 3307 1142 3388 perutilem
1172 3309 1322 3374 submini-

151 3402 275 3475 strant,
299 3394 355 3460 illa
378 3414 459 3476 quae
476 3395 661 3460 Scholarnm
679 3395 879 3459 orientalium
901 3412 1016 3459 nomen
1039 3413 1115 3474 prae
1137 3413 1171 3460 se
1194 3396 1265 3474 fert,
1290 3404 1323 3462 et

150 3500 251 3565 quae,
276 3483 473 3564 approbante
496 3483 614 3547 Sancta
636 3482 718 3547 Sede
742 3481 938 3562 Apostolica‚
970 3486 1003 3546 et
1025 3481 1191 3565 Episcopis
1216 3483 1323 3548 faven-

147 3571 255 3649 tibus,
279 3570 403 3634 Latinis
425 3571 510 3651 apud
533 3588 591 3633 nos
606 3568 813 3633 Missionariis
836 3587 961 3650 magna,
986 3570 1076 3634 nobis
1097 3575 1203 3634 autem
1227 3589 1324 3652 quae·

148 3658 233 3722 dam
250 3656 369 3721 auxilia
384 3657 605 3738 suppeditavit,
629 3656 730 3720 locum
747 3675 767 3720 a
782 3657 924 3737 pluribus
944 3656 1059 3721 abhinc
1080 3658 1170 3721 annis
1187 3657 1323 3722 obtinuit

148 3762 224 3808 nou
249 3743 449 3808 immeritum.

267 3830 326 3894 His
361 3829 560 3895 orientalium
600 3831 782 3893 missionum
820 3829 1092 3910 Benefactoribus,
1133 3849 1190 3896 nos
1227 3833 1324 3896 animi

152 3935 276 3996 seusus
311 3919 481 4000 gratissimi
513 3917 676 3982 testificari
711 3918 889 3998 cupientes,
925 3917 1008 3998 piam
1039 3916 1166 3981 illorum
1194 3937 1323 4000 operam

146 4005 273 4070 intimo
297 4005 400 4070 cordis
422 4004 561 4086 impulsu
584 4005 837 4069 commendamus
860 4011 927 4068 tum
950 4003 1098 4069 Patribus
1116 4006 1322 4084 Veneraudis,

149 4092 214 4173 qui
237 4093 271 4155 in
292 4092 352 4157 hac
374 4091 582 4158 Sacrosaucta
604 4092 730 4174 Synodo
758 4091 965 4157 Oecumenica
988 4092 1107 4169 sedent,
1143 4097 1211 4157 tum
1233 4113 1324 4174 prae-

150 4179 270 4244 sertim
292 4178 523 4261 Episcoporum
546 4184 580 4244 et
602 4180 699 4243 totius
714 4178 876 4243 Ecclesiae
901 4176 1005 4259 Capiti
1025 4177 1152 4244 Summo
1178 4179 1323 4245 Pontifici

149 4262 217 4331 mo
233 4264 294 4330 PP.
308 4266 374 4347 lx,
399 4265 487 4347 cujus
502 4267 740 4349 pretiosissimis
755 4266 1026 4331 benedictionibus
1042 4265 1121 4331 haec
1135 4266 1324 4333 Scholarmn

155 4353 364 4419 orientalium
387 4372 484 4435 opera
508 4358 611 4418 ortum
635 4353 743 4419 debuit
767 4358 800 4417 et
821 4353 1061 4421 incrementum.
