2946 4942
662 340 830 389 Possumus

577 582 610 664 3.
657 581 925 666 Possumus

246 704 411 771 courel
435 705 690 770 ralnrrumu
713 705 1024 772 narrurrrounu
1047 707 1244 774 bruneus.

270 843 406 911 Centum
429 846 559 927 triginta
582 864 637 910 serr
660 844 790 910 Concilii
814 847 927 910 Patres
952 846 991 911 de
1015 865 1050 912 re
1074 848 1266 929 gravissima
1287 850 1325 915 ad

165 933 403 998 Sanctissimum
432 933 599 997 Dominum
633 949 744 1013 preces
763 932 972 997 direxerunt.
1031 935 1103 1000 darn
1133 952 1204 1001 cum
1235 937 1326 1020 juxta

164 1028 305 1085 tenorem
327 1020 507 1084 litterarum
529 1019 790 1101 Apostolicorum
813 1019 852 1084 de
876 1020 926 1084 die
951 1026 1002 1084 27.
1019 1019 1097 1088 Nou.
1124 1027 1220 1089 1869.
1248 1024 1324 1107 511.

164 1107 395 1189 propositiones
418 1106 624 1172 sacrosancto
648 1105 855 1172 Oecumenico
879 1104 1020 1172 Concilio
1036 1107 1192 1175 Vaticano
1208 1110 1323 1177 facien·

164 1195 221 1259 das
253 1194 406 1275 peculiari
436 1191 702 1276 Con‘gregationi,
738 1193 877 1259 aSSriro
900 1196 970 1258 Dno
1000 1213 1057 1276 pro
1081 1196 1272 1278 recipiendis
1294 1206 1323 1263 et

164 1281 378 1365 expendendis
400 1281 555 1363 ejusmodi
576 1280 842 1362 propositionibus
866 1281 1049 1364 deputatae,
1074 1282 1215 1348 exhiberi
1234 1302 1322 1368 opor·

163 1373 239 1446 teat,
262 1367 373 1433 honori
396 1368 473 1432 mihi
496 1375 553 1447 est,
577 1369 714 1449 quinque
747 1368 827 1432 istos
854 1367 978 1433 libellos
1008 1369 1165 1451 supplices
1189 1390 1320 1455 perpcn·

164 1455 282 1520 dendus
305 1459 338 1519 et
360 1454 456 1520 SSdro
479 1454 568 1519 Patri
591 1455 726 1535 benigne
749 1455 1013 1521 commendandos
1043 1458 1076 1520 in
1098 1457 1226 1539 adjecto
1250 1460 1319 1525 sub-

162 1548 314 1609 sternere.

267 1663 397 1729 Summa
419 1682 489 1730 cum
512 1663 715 1728 veneratione
738 1668 770 1727 et
792 1664 994 1729 observantia
1016 1683 1185 1747 persevero

531 1784 682 1850 Emorum
705 1804 743 1851 ac
765 1785 916 1850 Rrirorum
940 1786 1072 1852 Petrum

266 1906 385 1973 Romae
408 1907 458 1971 die
482 1911 533 1976 29.
557 1908 701 1973 Januarii
727 1911 820 1974 1870.

666 2045 869 2111 Humillimus
893 2046 1113 2114 devotissimus
1137 2066 1162 2115 s.
1186 2069 1216 2114 u.

714 2150 766 2214 Fr.
791 2148 884 2216 Card.
909 2150 1172 2233 Schwarzenberg

800 2254 946 2357 Archiep.
970 2255 1106 2338 Pragcn.

577 2689 764 2754 Beatissimo
786 2689 904 2754 Pater!

95 2894 100 2909 Χ
262 2829 478 2894 Pervenerunt
501 2828 542 2892 ad
564 2845 621 2892 nos
643 2827 769 2894 litterae
791 2830 876 2912 typis
899 2829 1081 2911 impressae,
1105 2831 1220 2911 quibus
1236 2830 1315 2898 Con·

159 2916 221 2982 cilii
243 2916 392 2981 Patribus
416 2916 643 2981 subscribenda
665 2915 831 2981 exhibetur
853 2915 964 2998 petitio
988 2935 1007 2982 a
1028 2916 1156 2999 Synodo
1172 2937 1314 2987 oecume-

156 3004 227 3070 nica
260 3002 422 3087 flagitans,
454 3008 490 3068 ut
522 3003 644 3068 sancire
677 3003 754 3071 velit
782 3021 964 3084 supremam
987 3004 1120 3084 ideoque
1144 3006 1185 3072 ab
1209 3024 1314 3072 errore

155 3092 322 3158 immunem
340 3091 561 3157 auctoritatem
576 3089 711 3155 Romani
726 3090 886 3157 Pontificis
897 3091 931 3154 in
946 3093 1040 3158 rebus
1056 3089 1130 3156 fidei
1144 3096 1177 3158 et
1193 3111 1314 3159 morum

155 3179 338 3261 Apostolica
366 3183 527 3261 potestate
561 3179 716 3242 universis
745 3175 889 3242 fidelibus
912 3179 1146 3259 praecipientis.
1198 3180 1313 3246 Mirum

156 3272 241 3333 certe
263 3272 312 3332 cst
333 3266 407 3332 fidei
426 3266 551 3349 judices
573 3266 708 3344 invitari,
734 3269 769 3328 ut
792 3270 866 3329 ante
888 3283 1018 3329 causam
1042 3265 1158 3330 dictum
1182 3267 1222 3332 de
1245 3285 1313 3332 sen-

142 3355 255 3425 tentia
277 3353 406 3419 ferenda
417 3352 664 3418 declarationem
677 3352 907 3432 subscriptione
927 3370 985 3417 sua
1000 3353 1155 3418 munitam
1171 3354 1310 3421 ederent.

155 3443 271 3507 Verum
293 3443 326 3505 in
348 3441 408 3507 hoc
429 3445 518 3504 tanto
541 3441 668 3521 negotio
692 3440 736 3504 Te
759 3441 871 3521 ipsum,
894 3438 1098 3504 Sanctissimc
1121 3440 1235 3523 Pater,
1258 3441 1312 3507 ad·

154 3530 291 3594 eundum
314 3547 384 3594 csse
407 3528 596 3602 censuimus,
614 3528 728 3609 quippe
749 3528 803 3608 qui
818 3546 838 3590 a
854 3526 986 3591 Domino
1003 3527 1044 3590 ad
1061 3545 1159 3609 agnos
1176 3546 1311 3612 ovesque

154 3617 348 3700 pascendum
370 3617 559 3681 constitutus
582 3616 758 3680 animarum
774 3613 892 3679 Christi
907 3615 1060 3696 sanguine
1075 3614 1311 3697 redemptarum

153 3704 326 3785 piissimam
349 3722 457 3768 curam
473 3702 568 3771 habes
584 3708 616 3765 et
631 3701 843 3785 periculorum
858 3702 935 3784 ipsis
951 3702 1180 3766 imminentium
1197 3702 1312 3769 affectu

152 3798 284 3873 paterno
307 3792 472 3856 misereris.
518 3789 673 3854 Abierant
695 3795 847 3870 tempora,
866 3790 979 3870 quibus
994 3788 1087 3854 Sedis
1107 3788 1311 3870 Apostolicac

148 3880 222 3961 jura
256 3897 275 3942 a
302 3877 463 3943 catholicis
500 3877 534 3941 in
563 3877 688 3940 dubium
711 3878 817 3941 vocari
842 3877 982 3955 contigit.
1039 3875 1141 3940 Nemo
1164 3884 1232 3957 cst,
1257 3879 1309 3959 qui

152 3967 282 4045 nesciat,
306 3966 389 4031 sicut
411 3982 524 4046 corpus
541 3963 659 4045 absque
675 3965 776 4043 capite
792 3962 936 4027 mutilum
951 3966 998 4028 ita
1012 3982 1114 4044 neque
1135 3960 1309 4031 Concilium

152 4051 326 4119 Ecclesiam
366 4057 467 4118 totam
501 4058 744 4133 repraesentans
779 4052 897 4132 absque
933 4049 1120 4115 Successore
1153 4049 1185 4117 S.
1221 4051 1308 4116 Petri

151 4139 262 4206 haberi
295 4158 404 4222 posse,
428 4156 597 4222 omnesque
621 4138 756 4203 Sanctae
779 4137 868 4203 Sedis
891 4138 1048 4202 mandatis
1071 4139 1308 4224 promptissimo

152 4228 301 4293 obediunt
324 4228 436 4292 animo.
475 4226 647 4292 Praeterea
668 4243 750 4306 quae
772 4225 811 4289 de
833 4222 995 4290 Pontificis
1017 4225 1151 4290 Romani
1174 4227 1308 4290 auctori-

151 4320 217 4381 tate
240 4313 383 4380 fidelibus
405 4313 545 4380 tenenda
566 4314 639 4394 sint,
664 4310 838 4379 Concilium
860 4311 1077 4376 Tridentinum
1101 4312 1214 4396 edixit,
1237 4312 1307 4379 Flo·
