2946 4942
616 324 654 369 nn
678 322 858 371 orscrrnmr.
1252 310 1314 371 207

152 463 298 528 locorum
332 481 369 526 ea
402 466 436 527 et
470 462 617 527 concordi
651 479 803 526 censurae
842 462 1000 526 sententia
1034 468 1143 526 contra
1179 461 1316 527 nefarios

154 568 211 614 eos
235 557 267 614 et
290 554 454 630 apostatas
471 548 627 630 Oonjugcs
649 548 830 630 procedant.
865 548 953 613 Tunc
975 547 1066 613 facile
1088 546 1152 628 fiet,
1176 555 1211 613 ut
1233 549 1317 635 quod

154 639 197 703 ab
221 637 365 701 omnibus
381 636 546 718 Episcopis
562 641 669 700 sancte
686 635 872 700 servandum
896 654 977 700 nova
992 634 1061 715 lege
1083 636 1315 715 praescribitur,

153 723 279 804 singulo
302 723 448 788 Antistiti
470 721 595 787 facilius
617 723 659 786 ad
674 722 890 803 exequendum
905 722 1059 787 reddatur
1074 727 1105 787 et
1129 723 1317 804 disparitate

152 811 262 893 praxis
285 810 419 889 sublata,
443 828 524 891 qnae
540 810 701 890 hucusque
724 810 936 880 intervenerit,
961 809 1064 873 minus
1081 810 1175 874 cadat
1198 811 1262 875 odii
1284 811 1317 873 in

152 897 315 980 singulum
327 897 528 978 Episcopum,
545 897 599 977 qui
614 897 744 961 seorsim
761 901 871 962 contra
886 895 1074 961 retractares
1088 896 1169 979 legis
1184 915 1318 978 poenam

156 986 269 1066 exequi
291 990 426 1050 tenetur.

264 1077 293 1135 3.
324 1071 467 1136 Tertium
488 1088 582 1152 porro
606 1070 774 1135 mixtorum
795 1070 1021 1136 connubiorum
1043 1088 1143 1151 genus
1167 1071 1316 1152 conjuges

152 1158 388 1240 complectitur,
411 1159 465 1239 qui
488 1158 613 1239 praevie
636 1157 868 1222 conditionibus
891 1157 931 1222 ab
948 1157 1089 1222 Ecclesia
1112 1157 1316 1239 praescriptis

154 1246 293 1312 fideliter
316 1251 403 1310 stare
427 1265 461 1310 se
483 1244 564 1310 velle
587 1247 703 1326 scripto
734 1247 923 1326 promittunt
951 1244 1071 1310 scilicet
1094 1244 1132 1309 de
1156 1245 1318 1310 educanda

155 1334 321 1414 utriusque
350 1351 443 1398 sexus
475 1331 564 1413 prole
596 1332 628 1395 in
650 1330 712 1397 fide
735 1331 892 1397 catholica
922 1351 949 1396 e.
973 1350 997 1397 s.
1021 1351 1060 1413 p,
1096 1331 1230 1413 ideoque
1255 1331 1317 1395 dis-

155 1420 374 1502 pensationem
397 1419 645 1485 ecclesiasticam
677 1438 733 1499 pro
756 1419 893 1483 ineundo
917 1419 1013 1484 mixto
1037 1419 1237 1484 matrimonio
1260 1419 1317 1483 im-

150 1511 287 1590 petrant
309 1512 343 1570 et
374 1524 479 1572 coram
502 1506 629 1587 proprio
659 1523 715 1569 suo
738 1507 877 1587 parocho
906 1506 1058 1572 catholico
1082 1506 1318 1571 matrimonium

151 1597 219 1659 rite
251 1593 458 1671 contrahunt3
492 1593 548 1657 sed
579 1592 794 1658 ecclesiastica
823 1593 957 1658 Parochi
978 1592 1196 1659 benedictione
1220 1591 1318 1656 semel

150 1686 308 1762 suscepta
341 1702 362 1745 c
390 1680 564 1760 promissis
597 1680 666 1744 sois
696 1680 921 1759 fraudolenter
956 1687 989 1745 et
1022 1681 1121 1759 impie
1158 1679 1316 1756 recedunt,

153 1769 274 1835 liberos
296 1785 369 1832 suos
400 1768 433 1831 in
454 1766 645 1851 heterodoxo
664 1767 728 1848 pide
751 1768 919 1847 efformem
944 1772 1039 1848 atque
1062 1767 1223 1833 Ecclesiae
1244 1784 1317 1831 auc-

150 1856 283 1922 toritati
305 1855 434 1936 ejusque
457 1854 648 1918 salutaribus
671 1854 850 1935 praeceptis
873 1853 1020 1920 illudunt.

264 1947 295 2006 4.
330 1941 485 2024 Majorem
508 1941 641 2021 denique
669 1941 838 2005 mixtorum
862 1942 1087 2006 connubiorum
1110 1958 1275 2005 numerum
1297 1940 1319 2003 ii

151 2028 307 2110 conjuges
341 2029 550 2107 constituunt,
589 2028 643 2108 qui
676 2029 847 2108 impetrata
879 2029 1052 2109 apostolica
1085 2027 1321 2108 dispensatione

151 2135 267 2182 coram
290 2117 416 2197 proprio
440 2114 581 2180 Parocho
605 2114 756 2180 catholico
779 2117 839 2179 rite
862 2115 1054 2178 matrimonii
1074 2114 1198 2179 vinculo
1218 2114 1321 2194 juncti

157 2203 303 2281 inerunt,
326 2220 462 2283 suasque
485 2202 590 2284 proles
612 2203 645 2265 in
668 2201 819 2284 religione
842 2202 1000 2268 catholica
1015 2199 1173 2266 efformari
1197 2208 1321 2267 curant.

152 2291 222 2357 Sed
245 2290 393 2356 educatio
412 2288 578 2356 infantium
601 2289 634 2353 in
656 2290 695 2354 iis
711 2288 895 2354 defectuosa
911 2289 1080 2354 admodum
1096 2297 1146 2353 est
1169 2294 1202 2354 et
1225 2288 1321 2353 saluti

151 2397 265 2443 eorum
300 2377 392 2442 valde
424 2376 612 2458 periculosa.
669 2376 752 2440 Nam
790 2395 861 2441 cum
897 2377 930 2440 in
967 2376 1078 2441 iisdem
1113 2376 1320 2440 matrimoniis

159 2466 273 2547 conjux
294 2470 398 2530 mater
419 2464 603 2545 plerumque
626 2464 668 2528 sit
691 2463 877 2542 acatholico,
901 2464 953 2528 cui
974 2462 1187 2545 primordialis
1210 2463 1320 2543 utique

151 2552 329 2617 liberorum
344 2552 509 2617 instructio
525 2552 558 2615 in
572 2551 728 2632 precibus,
753 2551 928 2615 devotionis
944 2551 1110 2629 exercitiis,
1134 2550 1167 2615 iu
1181 2549 1320 2615 moribus

161 2639 345 2704 christianis
367 2639 533 2720 incumbit,
562 2637 594 2703 in
624 2638 777 2720 ejusmodi
806 2636 932 2702 familiis
955 2637 1101 2719 neglecta
1128 2637 1168 2702 sit
1191 2654 1320 2703 necesse

157 2732 207 2792 est
244 2727 396 2807 precandi
427 2725 647 2804 consuetudo,
674 2725 849 2790 catholicae
873 2727 956 2789 vitae
986 2743 1023 2789 ac
1050 2724 1210 2806 religionis
1234 2742 1321 2789 exer·

154 2813 278 2892 citium,
302 2831 363 2893 quo
386 2810 454 2877 fieri
477 2817 603 2895 oportet
625 2819 662 2877 ut
683 2812 776 2879 liberi
799 2812 891 2877 sicuti
906 2831 1016 2877 eorum
1039 2817 1187 2894 parentes
1211 2811 1320 2876 codem

155 2919 273 2983 sopore
307 2905 340 2964 et
375 2897 503 2965 fastidio
538 2897 612 2965 fidei
644 2905 677 2965 et
711 2899 872 2982 religionis
903 2899 1121 2981 languescant.
1173 2897 1320 2977 Proinde,

152 2987 424 3069 quemadmodum
454 3006 511 3068 per
533 2986 665 3052 Sebolos
687 2987 807 3052 mixtos
835 2986 992 3052 catholica
1011 2988 1161 3068 juventus
1184 2986 1320 3067 plerum·

157 3094 220 3156 que
246 3073 403 3156 Religioni
427 3074 601 3140 catholicae
625 3075 803 3158 detrahitur
826 3081 859 3138 et
875 3073 1036 3151 avellitur,
1060 3075 1107 3136 ita
1129 3092 1186 3154 per
1208 3074 1321 3136 enotri-

152 3162 268 3227 ›mom‘o
290 3161 392 3225 micio
420 3162 562 3242 integrae
585 3159 723 3225 familiae
757 3162 851 3225 matri
880 3160 1054 3225 catholicae
1081 3159 1243 3225 Ecclesiae
1266 3159 1320 3224 ab·

153 3248 341 3314 alienantur
364 3255 460 3330 atque
476 3249 517 3312 ad
539 3248 667 3330 plenum
684 3247 981 3313 lndifferentismum
997 3247 1240 3330 protrahuntur3
1263 3266 1320 3328 per

158 3341 327 3416 utrumque
362 3335 496 3417 denique
530 3335 702 3417 impietatis
739 3336 875 3399 medium
909 3336 1039 3417 spiritus
1074 3335 1168 3417 hujus
1203 3334 1319 3399 saeculi

154 3441 294 3504 nequam
317 3422 493 3487 Ecclesiam
515 3424 546 3486 in
571 3423 740 3504 semetipsa
763 3423 933 3488 dissolvere
956 3428 1098 3488 conatur.

713 3664 769 3732 111.

455 3803 611 3869 Remedio
635 3805 677 3869 ad
699 3804 871 3870 arcendum
893 3804 1021 3870 moltam.

264 3941 390 4025 Urgens
418 3944 592 4008 necessitas
623 3961 793 4026 exposcere
824 3944 960 4024 videtur,
995 3952 1031 4008 ut
1062 3962 1101 4008 ex
1132 3942 1162 4008 S.
1189 3940 1320 4006 Concilii

154 4029 305 4095 Vaticani
340 4030 483 4095 consrdtu
516 4033 688 4096 severiores
723 4030 892 4095 universim
925 4033 957 4095 in
990 4032 1088 4094 mixta
1121 4029 1320 4094 matrimonia

160 4115 246 4196 leges
270 4122 462 4197 statuantur,
486 4118 542 4182 scd
562 4116 779 4182 difficillimum
803 4124 860 4195 est,
886 4121 976 4198 aptas
992 4118 1210 4198 salutaresque
1232 4116 1319 4198 leges

154 4203 199 4267 ad
223 4204 399 4269 coercenda
417 4205 494 4269 haec
509 4204 594 4268 mala
609 4223 792 4286 proponere,
817 4223 887 4269 cum
904 4205 1032 4282 malum,
1057 4206 1096 4270 de
1120 4222 1189 4285 quo·
1205 4205 1318 4285 agitur,

153 4307 329 4370 ‘pravorum
353 4291 566 4373 exemplorum
583 4292 792 4370 multitudine,
816 4289 1008 4374 suffragante
1024 4292 1119 4374 impio
1135 4290 1227 4372 hujus
1250 4290 1319 4354 aevi
