2946 4942
590 304 629 349 nn
651 305 831 354 nisorenmn.
1062 293 1064 296 ’
1229 293 1291 369 139

133 442 172 506 de
201 460 264 523 qua
291 444 391 524 possit
413 442 521 507 haberi
545 445 689 524 suspicio,
713 445 745 506 in
769 445 859 509 domo
883 446 933 508 vel
957 450 1046 509 extra
1070 446 1211 509 detinere
1234 450 1291 509 aut

132 529 230 594 ullam
266 548 336 595 cum
371 549 409 594 ea
439 531 696 594 consuetudinem
719 531 837 596 habere
860 533 993 611 audeat,
1017 535 1126 613 poenis
1150 551 1169 595 a
1193 532 1295 596 sacris

133 615 322 698 Canonibns,
346 626 378 682 et
401 618 539 697 generali
555 619 740 699 praesertim
755 619 940 683 Tridentino
956 618 1112 701 Synod01)
1127 619 1294 701 impositis,

133 705 229 768 etiam
263 706 331 768 sine
353 706 488 785 strepitu
512 713 545 769 et
567 704 671 786 figura
691 706 818 786 judicii,
843 714 876 769 et
899 705 966 771 sola
988 705 1065 772 facti
1088 707 1224 770 veritate
1247 707 1294 769 in·

132 797 251 871 specta,
286 799 398 857 contra
432 810 501 856 eum
537 793 738 874 procedatur.
789 794 836 858 Ne
869 799 975 858 tamen
1004 793 1085 858 bono
1109 793 1292 857 clericorum

132 880 251 944 nomini
281 880 407 944 macula
436 881 529 943 nimis
558 879 653 944 facile
681 886 882 962 aspergatur,
914 900 951 945 ac
974 881 1157 962 praecipitis
1182 885 1215 944 et
1238 881 1299 943 im·

133 968 250 1032 maturi
280 968 402 1032 arbitrii
433 969 525 1048 argui
555 986 702 1047 nmquam
735 968 835 1049 possit
857 967 1050 1049 Episcopus,
1083 973 1179 1048 atque
1202 967 1294 1032 utin

134 1071 211 1119 casn
234 1072 381 1119 recursus
408 1060 519 1135 pateat
538 1055 665 1134 justitia
687 1055 745 1119 lati
764 1056 891 1136 judicii;
914 1056 1041 1134 idcirco,
1065 1073 1156 1120 sacro
1181 1072 1300 1135 appror

133 1143 230 1206 bante
268 1141 416 1220 Concilio,
451 1142 651 1220 mandamus,
685 1150 721 1206 ut
749 1143 1001 1224 extrajudiciales
1025 1144 1229 1224 probationes
1254 1141 1294 1206 ab

133 1228 292 1311 Episcopo
323 1229 475 1294 collectae
510 1231 628 1310 scripto
659 1230 884 1308 consignentur
918 1230 1104 1295 documento
1138 1232 1169 1294 in
1201 1229 1296 1294 Curia

134 1314 316 1397 Episcopali
353 1316 520 1397 diligenter
555 1324 586 1379 et
610 1324 702 1380 caute
726 1317 933 1394 asservando;
962 1318 1117 1398 simulque
1140 1316 1294 1394 volumus

135 1411 173 1468 ut
194 1405 408 1484 praescriptae
426 1423 445 1467 a
462 1401 602 1468 Concilio
617 1404 801 1467 Tridentino
817 1406 1005 1470 monitiones
1020 1423 1082 1468 non
1098 1406 1294 1481 omittantur,

134 1509 214 1572 quas
249 1491 342 1554 etiam
376 1491 607 1573 extrajudiciali
642 1490 762 1567 forma,
799 1494 864 1555 sive
893 1494 926 1554 in
950 1494 1075 1574 scriptis
1099 1493 1164 1556 sive
1189 1508 1295 1554 coram

134 1577 288 1657 testibus,
319 1579 365 1642 ita
398 1578 502 1642 facere
529 1579 639 1655 liceat,
674 1584 707 1641 nt
738 1584 843 1642 tamen
879 1580 917 1643 de
950 1581 986 1644 iis
1017 1581 1238 1643 documentum
1262 1578 1323 1640 in'

136 1664 232 1729 Curia
255 1670 349 1729 extet.

586 2049 622 2129 4.
660 2047 847 2129 sollum

315 2206 376 2269 nn
400 2204 525 2269 snus
548 2203 849 2271 nerscoennr
872 2205 1117 2273 unonnrn.

628 2379 762 2445 CAPUT
785 2383 809 2445 I.

245 2519 461 2584 Ecclesiarnm
493 2520 673 2584 vacantium
710 2521 853 2601 regimini
885 2539 942 2600 pro
978 2521 1159 2600 Apostolica
1189 2527 1298 2585 nostra

137 2606 351 2673 sollicitudine
386 2607 469 2672 omni
498 2606 620 2671 meliori
659 2607 753 2672 modo
788 2609 968 2688 prospicere
998 2609 1173 2689 cupientes,
1210 2626 1297 2672 sacro

139 2695 337 2776 approbante
360 2692 510 2775 Concilio,
533 2695 693 2775 volumus,
728 2701 765 2759 ut
787 2714 867 2775 qnae
890 2697 922 2758 in
946 2696 1087 2776 generali
1115 2695 1299 2759 Tridentino

137 2782 299 2866 Synodo²l
331 2783 461 2847 decreta
495 2801 532 2847 ao
566 2783 685 2846 sancita
721 2781 849 2846 filerunt
881 2782 1047 2862 diligenter
1082 2782 1299 2848 observentur.

136 2868 230 2935 Unus
264 2870 305 2934 sit
339 2869 477 2950 Capituli
509 2870 654 2934 Vicarius
685 2872 737 2949 qui
769 2870 881 2933 saltem
911 2871 944 2933 in
973 2870 1044 2950 jure
1078 2873 1226 2936 canonico
1259 2871 1301 2933 sit

138 2959 253 3023 doctor
284 2957 335 3021 vel
359 2957 436 3021 alias
459 2963 612 3038 quantum
635 2955 703 3020 fieri
726 2958 844 3039 poterit
867 2957 1015 3035 idonens3
1039 2959 1071 3021 in
1094 2976 1156 3039 qno
1179 2975 1301 3021 morum

138 3046 313 3126 integritas,
338 3045 447 3125 pietas,
465 3062 543 3108 sana
566 3045 718 3122 doctrina,
743 3050 777 3108 et
801 3064 819 3108 a
843 3045 983 3125 qnalibet
1005 3052 1090 3123 nota,
1114 3046 1300 3125 praesertim

139 3133 375 3198 ecclesiasticae
398 3150 551 3196 censurae
573 3133 755 3195 immunitas
781 3150 852 3196 cum
877 3133 1029 3196 scientiae
1052 3150 1089 3196 ac
1112 3133 1304 3213 prudentiae

138 3221 236 3285 laude
270 3221 458 3300 conspirent.
510 3217 675 3283 Canonicis
710 3226 815 3283 antem
846 3220 1058 3284 sanctionibus
1090 3220 1300 3298 inhaerentes,

140 3309 268 3373 omnino
290 3308 492 3389 prohibemus
515 3325 554 3369 ne
578 3306 618 3369 ad
641 3306 757 3371 Vicarii
781 3304 974 3387 Capitnlaris
1008 3325 1122 3371 munus
1146 3309 1304 3388 deputare

138 3395 238 3460 liceat
260 3395 313 3475 qui
335 3396 478 3458 vacantis
502 3393 591 3458 Sedis
614 3393 710 3457 fuerit
724 3394 920 3475 Patriarcha,
944 3394 1222 3475 archiepiscopum
1250 3392 1301 3457 vel

139 3483 317 3563 Episcopus
341 3481 468 3559 electus,
492 3483 682 3559 nominatus
707 3499 763 3545 seu
785 3486 1022 3563 praesentatum
1053 3487 1085 3546 et
1108 3484 1135 3545 si
1158 3483 1225 3564 ipse
1247 3480 1300 3544 Vi·

141 3570 248 3636 carius
271 3575 391 3633 certum
415 3570 562 3634 habuerit
584 3570 734 3633 nuncium
758 3569 877 3634 desua
900 3570 1060 3647 electione,
1077 3569 1299 3644 nominatione,

141 3674 200 3722 sen
221 3659 479 3738 praesentatione
504 3658 545 3721 ad
567 3657 761 3737 praedictam
784 3661 948 3722 vacantem
973 3655 1155 3734 Ecclesiam,
1180 3674 1217 3719 eo
1231 3657 1305 3736 ipso

141 3744 184 3810 ab
214 3743 315 3809 officio
350 3750 468 3824 cesset,
504 3750 536 3807 et
559 3742 740 3824 Capitulum
764 3745 805 3807 ad
829 3744 901 3808 novi
926 3743 1043 3808 Viearii
1067 3743 1301 3824 deputationem

141 3832 300 3897 deveniat.

251 3918 371 3997 Quodsi
399 3919 613 3999 praescriptae
644 3919 837 3983 conditiones
860 3917 1059 3998 posthabitae
1082 3917 1211 3995 fuerint,
1243 3917 1302 3979 mi-

140 4007 214 4072 nori
237 4004 465 4088 Capitnlarinm
487 4023 626 4086 numero,
650 4006 700 4087 vel
722 4006 814 4069 alteri
838 4007 932 4087 an'us·
948 4005 1097 4083 interest,
1120 4004 1161 4068 ad
1184 4003 1307 4068 Metro·

140 4167 355 4178 ,....-.----..---

256 4234 276 4300 ²)
297 4234 369 4290 Sess.
388 4232 473 4289 XXV.
492 4247 550 4299 cap.
570 4236 586 4286 6
605 4239 632 4286 et
653 4235 686 4284 ld
705 4232 737 4283 de
757 4231 873 4285 Reform.

254 4308 273 4370 ἵ)
293 4304 365 4358 Sess.
385 4302 483 4356 XXIV.
503 4319 561 4369 cap.
584 4305 615 4354 16
636 4302 668 4356 de
687 4302 749 4358 aer.
