2946 4942
704 340 871 413 roseum

587 583 644 665 20.
685 581 991 665 POSTULATUM

232 737 276 802 IN
300 737 489 823 GRATIAM
512 738 612 805 ΡΙΑΕ
637 739 807 805 OPERAE
830 741 858 804 A
881 739 1211 806 PROPAGATIONE
1233 739 1356 806 FIDEI

639 844 935 910 NUNOUPATAE.

609 1034 814 1113 venerabiles
836 1035 964 1100 Patres!

313 1173 426 1238 Varias
449 1175 533 1239 inter
555 1180 588 1239 et
610 1176 679 1256 pias
703 1173 834 1256 Operas,
858 1193 939 1254 quae
967 1173 1163 1255 adprobante
1185 1175 1371 1259 Apostolica

207 1259 296 1341 Sede,
320 1266 352 1326 et
374 1260 553 1327 faventibus
568 1261 742 1343 Episcopis,
765 1261 956 1342 quotidianis
979 1263 1020 1326 ad
1043 1261 1145 1327 Deum
1168 1260 1278 1329 effusis
1300 1283 1373 1346 pre·

207 1349 294 1413 cibus
322 1355 355 1414 et
382 1349 517 1414 collecta
550 1349 691 1413 fidelium
715 1351 812 1430 stipe,
847 1350 963 1415 nostris
996 1348 1201 1416 Missionibus
1229 1351 1316 1417 vires
1339 1357 1373 1417 et

206 1435 323 1499 auxilia
351 1437 568 1517 suppeditant,
605 1454 644 1501 ea
673 1433 765 1502 facile
792 1437 928 1523 primum
952 1436 1089 1501 obtinuit
1117 1437 1222 1503 locum
1246 1456 1372 1519 quaea

205 1520 295 1588 Fidei
318 1521 551 1606 Propagatione
574 1530 785 1605 nuncupatur.

310 1610 359 1675 Ab
383 1629 421 1677 ea
444 1611 525 1675 enim
548 1609 615 1676 iere
637 1628 746 1676 omues
769 1628 836 1690 noa,
868 1611 943 1690 quin
967 1609 1032 1675 ulla
1053 1611 1104 1676 vel
1126 1611 1294 1677 nationum
1318 1613 1369 1678 vel

204 1715 410 1778 personarum
433 1699 622 1769 admittatur
645 1699 796 1781 acceptio,
820 1698 853 1762 id
873 1696 1028 1763 habemus
1050 1715 1112 1778 quo
1134 1698 1209 1764 olim
1233 1698 1267 1766 S.
1282 1701 1369 1783 Apo-

203 1783 305 1849 stolus
328 1783 445 1850 Paulus
469 1785 663 1867 evangelicos
692 1786 852 1867 operarios
884 1791 1048 1850 contentos
1071 1784 1139 1851 fore
1161 1786 1367 1854 declarabat:

204 1870 354 1936 alimenta
376 1871 524 1938 videlicet
553 1878 586 1938 et
607 1873 721 1953 quibus
753 1877 908 1954 tegamur.
962 1871 1050 1937 Illius
1078 1890 1136 1954 ope
1159 1874 1368 1940 stabiliuntur

203 1963 236 2023 et
251 1966 394 2025 crescunt
409 1961 564 2025 catholica
586 1959 642 2025 illa
664 1961 810 2024 instituta
832 1965 866 2024 et
880 1960 1113 2025 misericordiae
1137 1979 1236 2042 opera
1252 1962 1366 2044 quibus

203 2044 348 2112 Christus
364 2047 517 2113 Dominus
541 2053 616 2113 ante
640 2048 747 2114 oculos
769 2046 956 2128 populorum
973 2048 1028 2128 qui
1049 2046 1137 2112 illum
1159 2049 1314 2128 ignorant
1335 2055 1366 2114 et

203 2138 311 2198 errant
326 2133 581 2214 eloquentissime
595 2135 805 2216 praedicatur,
822 2134 938 2216 quippe
954 2152 1037 2215 quae
1051 2135 1142 2217 signa
1156 2141 1234 2201 sunt
1252 2137 1364 2217 quibus

201 2220 276 2285 licet
297 2220 427 2302 indigni,
451 2240 525 2286 vero
548 2224 615 2287 veri
637 2221 696 2286 Dei
721 2221 866 2304 discipuli
889 2222 1150 2287 demonstremur.

306 2307 460 2373 Faustam
481 2309 581 2391 igitur
603 2313 636 2373 et
658 2326 779 2374 sacram
802 2311 998 2374 occasionem
1021 2310 1105 2374 nacti
1126 2327 1190 2390 qua
1213 2328 1361 2376 omuese

200 2394 379 2477 longinquis
401 2396 582 2477 dissitisque
612 2396 697 2462 orbis
720 2396 911 2477 regionibus,
946 2395 988 2460 ad
1014 2396 1110 2477 pedes
1133 2396 1281 2478 Supremi
1303 2398 1361 2462 Pa·

201 2483 297 2547 storis
330 2485 546 2561 convenimus,
585 2503 661 2565 erga
694 2484 783 2548 Piam
817 2482 936 2548 hancce
971 2480 1121 2565 Operam,
1155 2486 1359 2566 praecipuam

199 2570 337 2634 omnium
352 2569 538 2635 Missionum
556 2571 698 2636 altricem
722 2575 755 2635 et
772 2570 863 2652 quasi
877 2575 1053 2650 parentem,
1077 2570 1251 2651 gratissimi
1267 2573 1358 2636 animi

198 2659 300 2721 nostri
323 2675 434 2722 sensus
457 2665 631 2738 extemare,
655 2658 688 2721 in
710 2657 792 2723 votis
813 2657 1006 2722 unanimiter
1019 2657 1182 2738 habemus,
1205 2659 1358 2739 mmulque

198 2743 285 2809 illam
303 2745 523 2809 commendare
545 2752 623 2809 turm
630 2743 871 2810 Venerabilibus
886 2743 1042 2810 Praelatio
1064 2745 1174 2825 quijin
1196 2744 1259 2811 hae
1273 2764 1357 2812 sacra

197 2829 323 2913 Synodo
339 2831 458 2912 sedent,
482 2839 549 2895 tum
566 2833 733 2913 praecipue
748 2832 873 2896 illorum
897 2837 930 2895 et
951 2833 1048 2896 totius
1063 2830 1229 2898 Ecclesiae
1246 2831 1355 2916 Oapiti,

187 2917 324 2984 Summo
359 2915 502 2983 Pontifici
536 2919 591 2984 Pio
623 2919 683 2982 ΡΡ.
712 2918 782 2998 ΙΧ.,
818 2919 905 3000 cujus
938 2924 1103 3000 paternam
1135 2920 1264 3001 saepius
1292 2920 1354 3001 jam

103 3070 107 3077 ,
197 3005 319 3086 experti
340 3022 448 3071 sumus
472 3006 731 3071 benevolentiam.

302 3091 349 3157 Eo
384 3099 490 3158 autem
525 3094 625 3175 magis
654 3093 794 3158 Paterna
823 3092 879 3157 illa
907 3090 1142 3172 benevolentia,
1176 3100 1353 3177 vestraque,

196 3178 402 3244 venerabiles
435 3181 561 3260 Patres,
597 3179 720 3263 Operae
753 3180 829 3244 Piae
862 3181 1025 3262 augendae
1059 3185 1092 3245 et
1125 3182 1354 3262 promovendae

195 3266 377 3332 necessaria
406 3267 499 3333 hodie
522 3275 585 3346 est,
616 3285 679 3349 quo
702 3266 845 3348 pluribus
865 3268 933 3349 jam
963 3266 1079 3333 abhinc
1107 3269 1199 3333 annis
1224 3268 1353 3335 eleemo-

151 3386 157 3407 ι
195 3371 291 3437 synae
321 3371 402 3434 quae
430 3355 464 3419 in
487 3354 714 3436 Propagandae
735 3352 827 3419 Fidei
853 3354 987 3436 gratiam
1011 3353 1051 3419 ab
1074 3353 1129 3419 illa
1152 3354 1352 3438 colliguntur,

195 3441 319 3521 nedum,
352 3448 389 3505 ut
411 3446 507 3506 antea
530 3439 633 3522 fiebat,
663 3447 817 3521 crescant,
850 3459 867 3504 e
890 3447 1002 3506 contra
1023 3440 1074 3505 vel
1098 3441 1210 3507 eadem
1233 3461 1353 3509 reman-

193 3534 311 3609 serunt,
334 3527 494 3595 ueletiam
510 3534 546 3594 ut
568 3529 728 3610 praesenti
750 3528 866 3594 accidit
880 3546 963 3592 anno
986 3529 1212 3594 imminutionis
1229 3530 1352 3597 subiere

192 3615 377 3696 perieulum.

298 3703 381 3768 Hinc
411 3702 447 3766 fit
469 3702 562 3782 quod,
593 3707 685 3767 aucto
710 3702 895 3766 Missionum
918 3719 1056 3778 numero,
1085 3702 1125 3766 iis
1148 3704 1296 3768 omnibus
1318 3711 1351 3768 ut

193 3790 323 3856 deceret
356 3789 497 3855 fovendis
527 3809 564 3855 ex
586 3808 651 3854 una
685 3794 775 3870 parte
804 3790 908 3870 impar
934 3787 991 3853 fiat
1024 3789 1081 3854 Pia
1109 3788 1350 3873 Propagationis

192 3875 307 3959 Opera,
337 3879 411 3943 dum
444 3895 483 3940 ex
509 3876 611 3942 altera
644 3878 828 3961 immensam
855 3881 888 3940 et
917 3877 1068 3958 majorem
1100 3877 1272 3958 quotannis
1300 3897 1350 3959 pe·

192 3965 302 4031 cuniae
326 3983 488 4044 summam,
513 3964 555 4029 ad
578 3962 801 4045 pervertendas
824 3967 879 4026 aut
903 3964 1008 4043 potius
1025 3961 1179 4045 sacrilege
1202 3965 1349 4030 emendas

178 4052 321 4132 animas,
344 4054 376 4118 in
398 4052 507 4117 multis
530 4072 546 4116 e
564 4050 752 4132 regionibus
775 4068 869 4114 curae
893 4056 1019 4115 nostrae
1036 4049 1226 4116 concreditis
1242 4051 1347 4116 Prote

190 4141 341 4204 stantium
365 4144 522 4206 sectarum
544 4138 802 4221 pseudoministri
824 4137 1039 4203 disseminant.

296 4226 523 4292 Gravissimum
538 4227 635 4308 igitur
656 4226 799 4290 imminet
813 4223 1015 4290 Missionibus
1031 4224 1147 4289 nostris
1162 4225 1344 4306 periculum,

190 4315 273 4394 quod
305 4316 344 4378 ad
376 4314 580 4380 avertendum
609 4318 734 4395 oportet
757 4318 793 4378 ut
826 4331 924 4378 novus
954 4311 1097 4385 fidelibus
1127 4312 1224 4378 ardor
1246 4311 1345 4378 inlun-
