2946 4942
176 319 217 380 68
671 333 839 382 noscuntur

175 490 298 624 {empuis
315 473 477 573 'quaedam
505 477 614 552 partes
637 491 674 536 ac
705 472 803 537 veluti
826 472 920 537 iacies
943 473 1101 537 veritatis:
1135 473 1221 555 quod
1243 472 1336 555 ajunt

192 578 219 623 ic
232 578 267 624 ec
282 578 332 624 ror.

678 809 681 815 .
711 750 797 814 XIII.

277 890 384 955 Etiam
417 893 448 955 in
478 892 590 957 ordine
620 891 771 970 practico,
805 890 859 969 qui
891 890 923 953 in
961 889 1148 957 theoretico
1166 890 1330 973 fundatur,

172 978 327 1057 pessimae
350 979 592 1058 consequentiae
615 996 653 1040 ex
675 977 784 1054 eadem
801 977 946 1041 doctrina
968 976 1156 1043 inferuntur.
1194 979 1333 1045 Homine

172 1065 255 1128 enim
270 1061 374 1130 ‘semel
390 1065 528 1130 admisso
543 1064 584 1128 ad
600 1063 813 1128 immediatam
832 1083 902 1129 cum
917 1064 984 1129 Deo
1001 1067 1325 1148 communicationem,

171 1151 314 1241 aperitur
336 1151 441 1216 aditus
465 1153 505 1217 ad
520 1151 749 1232 Theosophiam
772 1151 928 1233 quandam
946 1153 1109 1234 mysticam
1125 1158 1157 1219 et
1171 1154 1328 1219 occultam

171 1257 234 1318 qua
257 1237 347 1303 facile
362 1239 547 1320 persuaderi
569 1245 702 1320 possunt
718 1245 751 1302 et
774 1259 793 1302 a
816 1238 910 1320 culpa
924 1239 1051 1304 liberari
1074 1241 1216 1306 actiones
1233 1259 1329 1323 quae·

170 1325 257 1402 libet,
282 1332 315 1391 et
337 1327 492 1408 superbus
515 1326 685 1408 cujuslibet
716 1327 915 1392 auctoritatis
938 1333 995 1390 aut
1017 1326 1095 1410 legis
1119 1335 1327 1410 contemptus,

170 1431 232 1478 non
255 1414 322 1478 sine
353 1432 467 1495 magno
490 1413 617 1479 morahS
647 1419 680 1477 et
703 1413 827 1478 socialis
859 1413 976 1479 ordinis
1000 1414 1199 1481 detrimento.
1245 1414 1328 1485 Nam

168 1502 201 1564 in
224 1501 372 1580 operibus
395 1505 427 1565 et
449 1500 538 1565 libris
554 1499 745 1564 liberalium
762 1500 997 1583 Ontologismus
1020 1502 1205 1583 plerumque
1230 1503 1330 1569 domi·

169 1593 272 1667 natur,
295 1594 327 1652 et
350 1588 433 1652 tradi
456 1588 538 1653 solet
571 1594 721 1668 tanquam
746 1587 888 1652 doctrina
911 1589 976 1652 suis
998 1589 1170 1670 propositis
1192 1607 1327 1672 praepa-

168 1675 269 1740 randa
291 1681 541 1756 peropportuna
572 1680 605 1740 et
627 1673 808 1740 Giohertius
831 1694 869 1739 ex
890 1674 950 1739 hac
963 1675 1170 1761 philosophia
1192 1678 1327 1743 intuitus

166 1761 270 1841 infert,
300 1762 478 1827 naturalem
506 1763 646 1827 ordinem
671 1769 704 1826 et
736 1762 1008 1843 supernaturalem
1038 1782 1073 1827 re
1095 1781 1158 1829 non
1190 1762 1326 1845 differre,

166 1848 369 1931 'theologiam
387 1867 456 1915 esse
472 1867 674 1932 progressum
691 1848 866 1913 naturalem
883 1849 1109 1932 philosophiae,
1126 1851 1188 1916 imo
1204 1856 1327 1917 utram-

166 1954 228 2016 que
251 1954 320 2003 csse
343 1955 437 2001 unam
462 1937 654 2017 eandemque
677 1938 839 2000 scientiam
863 1943 923 2001 etc.

702 2161 785 2229 XIV.

270 2302 329 2367 His
352 2303 484 2384 aliisque
507 2303 688 2379 rationibus,
718 2321 806 2384 quas,
838 2321 877 2366 ne
900 2303 988 2366 nimii
1011 2303 1119 2382 simus,
1150 2305 1325 2370 omittimus

164 2391 306 2470 permoti,
336 2389 546 2471 postulamus,
578 2397 614 2454 ut
637 2389 715 2454 haec
737 2390 904 2470 pernicieS,
937 2407 1018 2471 qnae
1043 2388 1108 2454 late
1129 2397 1268 2473 vagatur
1290 2396 1323 2457 et

163 2495 225 2558 qua
247 2477 366 2543 incauti
395 2494 489 2558 saepe
513 2477 723 2558 decipiuntur,
754 2496 810 2559 pro
833 2476 937 2542 salute
969 2482 1019 2542 tot
1040 2478 1217 2543 animarum
1239 2497 1321 2560 quae

162 2571 296 2646 pereunt
318 2582 338 2628 a
361 2564 514 2630 catholico
539 2583 642 2646 grege,
667 2583 724 2645 per
739 2565 927 2628 Vaticanum
943 2561 1116 2629 Concilium
1140 2571 1321 2644 avertatur3

161 2652 300 2802 etrrfqiuod
323 2670 343 2716 a
364 2650 512 2716 Romanis
536 2650 840 2731 Congregationibus
863 2652 1041 2732 incoeptum
1058 2657 1114 2732 est,
1137 2672 1158 2717 a
1181 2651 1320 2718 Concilio
1352 2657 1360 2664 '

161 2757 200 2819 pe
242 2739 352 2805 ciatur.

545 2861 549 2865 ⁸
585 2880 607 2960 †
630 2875 749 2959 Xystus
774 2874 951 2942 cardinalis
974 2877 1214 2968 RiarioSiorza

740 2964 885 3046 Archiep.
909 2965 1066 3046 Neapolit.

657 3106 678 3186 †
700 3103 845 3169 Joachim
867 3103 1044 3169 Cardinalis
1067 3103 1159 3170 Pacci

726 3191 902 3273 Episcopus
924 3191 1104 3256 Perusinus.

631 3459 637 3464 .
640 3449 840 3466 -......-....··-.·:.

569 3659 601 3741 2.
642 3656 909 3741 rosaltum

187 3817 268 3884 PRO
292 3816 540 3882 DOGMATICA
563 3815 837 3881 DEFINITIONE
860 3815 1025 3881 ROMANI
1049 3799 1283 3885 Pouumicls

453 3902 730 3968 INFALLIBILIS
753 3901 1009 3968 MAGISTERII.

259 4044 566 4128 Quadringentorum
602 4043 731 4108 Patrum
765 4043 798 4106 in
832 4042 893 4108 hoe
927 4041 1136 4108 sacrosancto
1171 4042 1313 4111 Concilio

91 4127 94 4131 ’
153 4133 375 4214 praesentium,
399 4137 570 4213 nostroque
600 4132 725 4196 nomine
749 4130 930 4197 exhibemus
954 4128 1153 4196 Eminentius
1176 4130 1313 4199 Vestrae

151 4218 288 4285 Revmae
312 4221 353 4284 ad
376 4238 519 4285 normam
542 4239 562 4284 a
584 4218 789 4284 Sanctissimo
811 4217 945 4283 Domino
968 4219 999 4282 in
1023 4217 1152 4283 Litteris
1176 4219 1312 4300 Aposto

151 4307 219 4374 licis
245 4307 454 4388 „Multiplices
475 4308 575 4372 inter⁴¹
602 4305 838 4390 praescriptam,
862 4323 971 4386 preces
994 4306 1107 4387 quibus
1129 4324 1150 4371 a
1172 4304 1311 4373 Sanctis·
