2946 4942
491 303 531 349 nn
554 302 650 351 anans
672 303 861 352 noaunnrors.
1210 295 1271 356 103

110 442 270 522 conqueri,
294 442 368 507 dum
385 442 478 508 detur
500 441 545 507 illi
558 444 611 526 jus
634 461 735 521 suum,
759 460 797 508 ac
819 445 1007 524 praesertim
1024 464 1096 511 cum
1117 446 1172 513 illo
1188 465 1273 512 sum-

109 545 240 610 mopere
262 529 411 609 indigeat.
647 598 653 608 ,

217 616 338 681 Iterum
361 623 456 698 atque
478 617 609 694 itemm,
640 615 829 682 Beatissime
851 617 957 695 Pater,
989 618 1033 683 Te
1057 619 1272 702 deprecamur,

109 707 148 766 nt
170 702 295 782 clames,
318 711 352 768 et
374 723 413 768 ne
436 721 549 783 cesses,
573 704 665 785 qnasi
686 703 766 768 tuba
788 703 892 769 exalta
915 723 1021 770 vocem
1037 715 1135 788 tuam,
1160 715 1193 775 et
1216 727 1273 777 an-

110 790 228 855 nuncia
250 789 324 855 huic
355 791 479 856 saeculo
509 790 631 856 scelera
660 808 731 869 sua,
768 796 800 855 et
830 791 946 873 populo
969 812 1117 873 perverso
1140 802 1274 877 peccata

108 895 183 957 sna,
211 879 360 959 quoniam
384 878 428 942 Te
456 879 608 943 constitui
630 877 838 960 Vigilatorem
868 885 1016 945 aeternae
1039 882 1202 947 hominum
1224 901 1273 949 sa·

108 963 194 1043 lutis,
220 970 252 1029 et
275 965 481 1047 deprecamur
509 964 609 1029 Deum
634 966 671 1030 Ο.
696 965 737 1028 Μ.
760 971 797 1030 ut
829 965 961 1032 dextera
984 985 1042 1032 sua
1066 970 1274 1052 omnipotenti

107 1050 155 1116 Te
178 1053 359 1133 perenniter
383 1057 548 1118 conservet
570 1058 603 1117 et
625 1053 763 1134 adjuvet.

216 1175 336 1239 Romae
360 1179 410 1240 20.
435 1173 600 1239 Februarii
628 1179 721 1240 1870.

209 1330 295 1396 Halo
310 1331 527 1412 postulationi
550 1331 810 1411 subscripserant
832 1339 852 1396 5
878 1331 1016 1399 Ooacc'lii
1039 1335 1167 1403 Patren.

585 1577 795 1585 --—---—

495 1772 548 1853 to.
590 1770 894 1855 Postumum

135 1945 440 2025 QUADRAGINTA
464 1945 648 2012 CONGILII
672 1947 845 2013 PATRUM
867 1947 924 2012 AD
947 1947 1128 2014 EANDEM
1151 1950 1243 2015 REM

583 2051 804 2120 SPECTANS.

214 2209 418 2275 Intoleraada
450 2227 579 2291 prorsus
612 2210 698 2276 faeta
731 2215 781 2276 est
811 2228 963 2292 praesens
991 2212 1098 2276 mundi
1134 2211 1272 2278 conditio

105 2303 239 2380 propter
261 2297 417 2362 exercitus
434 2296 514 2362 adeo
537 2299 690 2379 ingentes,
714 2302 885 2379 perpetuos
906 2317 944 2363 ac
966 2304 1051 2364 sorte
1067 2300 1271 2381 conscriptos.

107 2384 294 2466 Sumptibns
317 2386 442 2465 gravati
473 2392 604 2467 gemunt
627 2385 744 2467 populi.
790 2385 966 2467 Impietatis
990 2387 1130 2468 spiritns,
1152 2385 1272 2468 legum·

107 2490 171 2553 que
203 2473 236 2536 in
266 2473 374 2552 rebus,
409 2480 445 2537 ut
477 2474 581 2555 ajunt,
613 2473 919 2538 internatioaalibos
953 2473 1068 2539 oblivio
1100 2472 1273 2538 faciliorem

109 2560 239 2625 omnino
269 2561 354 2624 viam
377 2561 523 2642 aperiunt
551 2560 643 2625 bellis
665 2559 849 2626 inchoandis
877 2560 1056 2643 illegalibus
1079 2566 1112 2626 et
1134 2561 1271 2644 injustis,

108 2665 167 2712 seu
189 2647 296 2729 potins
319 2648 484 2713 horrendis
507 2647 655 2713 caedibus
678 2648 771 2729 longe
795 2649 922 2730 lateque
945 2650 1173 2731 grassantibus.

216 2734 300 2800 Hinc
321 2735 490 2800 imminuta
520 2753 694 2816 pauperum
717 2735 874 2814 subsidia,
903 2735 1067 2819 fractaque
1090 2734 1273 2802 commercii
1387 2716 1391 2723 ¹

108 2822 202 2900 ratio,
229 2821 301 2888 hinc
324 2821 465 2888 hnmana
486 2823 688 2901 conscientia,
716 2822 768 2887 vel
791 2821 884 2889 devia
906 2825 1030 2905 penitus
1054 2829 1086 2889 et
1109 2825 1273 2904 aberrans,

108 2908 161 2974 vel
192 2909 320 2990 indigne
351 2908 455 2990 laesa,
487 2908 705 2991 plurimaeque
736 2909 865 2975 tandem
894 2912 1019 2977 animae
1047 2913 1081 2975 in
1109 2916 1274 2976 aeternum

108 3001 291 3077 pereuntes.

218 3082 329 3149 Tantis
359 3103 453 3165 porro
486 3084 718 3150 calamitatibus
748 3084 817 3150 sola
842 3085 961 3150 mederi
993 3089 1098 3167 potest
1120 3085 1273 3151 Ecclesia.

111 3167 212 3253 (injus
235 3173 331 3236 etiam
354 3173 425 3238 voci
455 3171 530 3237 licet
552 3190 613 3237 non
646 3189 755 3237 omnes
784 3190 893 3237 aurem
924 3172 1173 3253 accommodent,
1205 3173 1274 3254 ipsa

107 3261 219 3322 tamen
233 3259 407 3324 innumeris
430 3278 554 3341 semper
575 3258 737 3324 hominum
759 3259 898 3325 millibus
921 3260 985 3325 dux
1007 3260 1152 3341 praeibit,
1169 3261 1272 3326 interr·
1313 3264 1317 3268 ’

107 3348 240 3427 tumque
263 3347 364 3411 serius
387 3347 474 3413 ocius
497 3351 693 3427 assequetur.

217 3429 399 3512 Caeterum,
431 3433 516 3515 quod
541 3440 673 3499 aeterna
701 3431 877 3500 firmissime
900 3440 1084 3500 asserantur
1106 3435 1269 3517 principia,

108 3518 144 3582 id
164 3519 231 3601 jam
262 3539 300 3585 ex
327 3538 398 3587 sese
420 3521 553 3587 Divinae
584 3521 747 3603 Majestati
768 3527 925 3603 praestat,
959 3540 1061 3603 neque
1088 3521 1193 3587 fructu
1216 3539 1273 3587 suo

109 3623 218 3671 carere
241 3612 355 3690 potest.

217 3692 264 3758 De
290 3694 347 3760 illa
376 3713 453 3760 vero
480 3695 642 3762 Ecclesiae
672 3712 741 3760 cum
772 3695 899 3776 mundo,
921 3696 1088 3778 relatione,
1123 3695 1208 3778 quod
1231 3697 1273 3762 ad

107 3780 290 3862 praedictas
319 3783 435 3847 attinet
456 3784 620 3863 veritates,
654 3782 714 3847 viri
745 3801 858 3864 graues
886 3801 1053 3865 rerumque
1076 3783 1273 3865 publicarum

108 3868 214 3950 periti,
237 3869 321 3935 idem
340 3871 484 3935 sentiunt
513 3888 551 3937 ac
574 3888 637 3935 non
660 3871 753 3952 pauci
776 3870 830 3936 alii
853 3871 913 3936 riri
936 3872 1107 3938 sanctitate
1129 3871 1272 3952 insignes

22 3978 26 3983 ·
108 3955 345 4039 Religionisque
377 3957 481 4022 studio
512 3959 653 4038 accensi,
690 3971 879 4041 persuasum
909 3957 1029 4023 habent
1059 3954 1272 4023 necessariam
1305 3961 1317 3984 ⁶

109 4060 181 4109 csse
202 4045 328 4111 omnino
361 4045 620 4125 declarationem,
650 4062 712 4126 qua
741 4045 925 4110 authentice
953 4045 1193 4127 promulgentur
1215 4064 1272 4110 eae

106 4131 190 4214 juris
213 4133 357 4198 canonici
378 4137 498 4214 partes,
530 4150 611 4213 quae
641 4134 682 4199 ad
707 4130 780 4213 jura
808 4133 950 4214 gentium
973 4137 1006 4199 et
1028 4132 1103 4197 belli
1125 4138 1272 4198 naturam

110 4224 271 4299 spectant,
305 4219 421 4302 illaque
453 4221 557 4286 omnia
583 4220 771 4300 respiciunt,
803 4217 888 4283 unde
917 4219 968 4284 vel
991 4217 1101 4300 officii,
1133 4220 1185 4286 vel
1208 4238 1273 4286 sce·

109 4305 186 4371 leris
209 4307 361 4371 rationem
384 4305 500 4373 bellum
523 4307 675 4373 obtineat.
