2946 4942
156 318 218 378 246
578 343 582 350 ·
650 334 818 382 1661111111

151 471 274 536 tionem
288 489 384 553 super
407 479 493 537 statu
509 472 713 553 Regularium
731 473 824 553 datis,
848 472 1053 538 difficultates
1069 493 1107 540 ac
1123 476 1317 542 detrimenta

153 557 354 639 novaelegis
387 577 444 638 pro
467 561 665 624 monasteriis
698 560 802 625 dictae
826 559 1087 642 Congregationis
1121 563 1318 630 1161161616ν

153 644 331 710 nedictinae
353 645 443 727 large
459 644 656 728 fideliterque
679 649 831 726 exposuit,
855 665 1026 728 earumque
1050 649 1171 715 intuitu
1185 651 1229 715 ad
1251 651 1318 716 lau·

153 732 260 796 datam
297 730 327 797 S.
363 731 647 814 congregationem
680 751 775 815 super
806 740 893 798 statu
926 735 1133 816 Regularium
1167 736 1312 803 devotam

151 819 337 898 petitionem
362 820 481 897 direxit,
514 827 550 884 ut
571 821 769 885 monasteriis
800 823 1055 902 congregationis
1078 821 1318 890 helveto·bene->

152 906 290 975 dietinae
312 907 345 969 iu
369 915 517 971 consueto
541 907 708 987 profitendi
724 927 811 972 more
834 909 1005 988 persistere
1027 908 1149 984 liceret,
1174 911 1318 992 adeoque·

152 1011 172 1056 a
195 1010 278 1057 nova
300 992 370 1074 lege
393 993 589 1058 observanda
611 994 724 1059 saltem
747 995 853 1076 quoad
875 994 954 1072 illos,
979 997 1033 1076 qui
1056 997 1098 1059 ad
1121 995 1154 1061 S.
1179 997 1317 1064 Ordines

152 1080 378 1161 suscipiantur,
402 1081 594 1162 dispensatio
617 1083 753 1163 benigne
777 1081 1016 1148 concederetur.

258 1166 357 1232 Sacra
384 1186 459 1232 vero
483 1167 694 1250 congregatio
724 1186 818 1250 super
841 1173 928 1233 statu
950 1168 1158 1251 Regularium
1182 1172 1245 1236 sub
1267 1171 1317 1236 die·

154 1258 204 1318 30.
218 1252 402 1319 Novembris
421 1260 501 1319 1857
515 1257 698 1336 respondit,
723 1255 933 1321 Sanctitatem
956 1274 1047 1320 suam
1069 1258 1218 1337 petitioni
1233 1258 1312 1323 haud

153 1341 356 1405 annuendum
388 1343 591 1419 existimasse,
626 1361 663 1407 eo
691 1343 775 1423 quod
803 1343 854 1407 lex
879 1343 917 1408 de
937 1343 1142 1424 ¹professione
1170 1351 1316 1410 votorum

153 1427 343 1508 simplicium
366 1446 473 1493 omnes
496 1430 621 1494 ordines
644 1431 807 1511 regulares
835 1431 973 1513 cujusvis
996 1431 1133 1510 regionis
1156 1433 1316 1513 respiciat

153 1522 186 1579 et
218 1515 381 1580 decretum
411 1520 628 1597 statutumque
650 1518 700 1596 sit,
737 1517 856 1582 nullam
886 1517 948 1581 hac
974 1519 1007 1581 in
1031 1535 1066 1582 re
1097 1520 1313 1600 exceptionem

153 1601 329 1666 admittere.
386 1603 431 1668 Ut
460 1609 565 1668 autem
596 1605 735 1686 ejusdem
765 1603 845 1685 legis
876 1606 1019 1669 executio
1045 1603 1169 1670 facilior
1191 1607 1312 1686 evadat,

152 1688 312 1754 Sanctitas
334 1688 400 1754 Sua
425 1689 708 1772 congregationem
736 1690 1110 1756 salveto-benedictinam
1143 1694 1186 1758 ab
1210 1693 1311 1759 obser-

152 1777 261 1841 vantia
284 1777 403 1842 decreti
427 1778 484 1855 11161
501 1784 551 1843 25.
575 1777 719 1843 Januarii
745 1783 827 1843 1848
851 1797 871 1842 6
893 1779 924 1843 S.
941 1777 1198 1860 Congregatione
1223 1798 1317 1861 snper

153 1869 239 1928 statu
261 1863 462 1944 Regularium
486 1866 591 1929 emissi
619 1865 672 1946 (de
696 1865 854 1930 scrutiniis
876 1865 1023 1930 videlicet
1045 1866 1179 1945 agendis
1204 1868 1238 1931 in
1262 1867 1316 1932 ad-

153 1951 303 2016 missione
325 1952 553 2032 postulantium
567 1953 608 2016 ad
631 1953 784 2031 habitum,
809 1953 996 2016 novitiatum
1018 1960 1051 2016 et
1073 1952 1316 2034 professionem)

156 2046 334 2118 exemptam
359 2038 534 2103 declaravit
565 2058 603 2104 ac
625 2041 754 2120 insuper
783 2039 918 2121 benigne
946 2038 1087 2118 indulsit,
1122 2044 1160 2103 ut
1182 2041 1312 2121 professi

153 2131 299 2190 votorum
314 2126 500 2206 simplicium
523 2127 663 2208 ejusdem
680 2126 940 2208 congregationis
955 2125 1318 2193 helveto-benedictinae·

154 2213 298 2277 omnibus
313 2213 494 2293 privilegiis
519 2214 628 2295 gratiis
651 2221 683 2278 61
704 2213 836 2277 indultis
852 2213 1020 2294 gaudeant,
1043 2211 1158 2293 quibus
1181 2212 1313 2295 professi

154 2305 299 2364 votorum
322 2299 507 2365 solemnium
529 2299 669 2383 legitime
690 2299 846 2378 fruuntur,
870 2319 907 2365 ac
929 2299 1058 2364 tandem
1081 2300 1121 2364 ad
1144 2301 1312 2366 triennium

42 2468 47 2473 ι
156 2388 319 2465 concessit,
342 2394 378 2458 ut
401 2387 535 2468 professi
557 2394 701 2453 votorum
716 2387 905 2468 simplicium
920 2387 1076 2451 adinstar
1099 2386 1312 2467 professorum

156 2482 300 2539 votorum
323 2474 510 2540 solemnium
533 2477 634 2556 prima
650 2477 793 2540 Tonsura
815 2475 964 2554 insigniri,
987 2480 1082 2555 atque
1105 2474 1147 2538 ad
1171 2475 1309 2556 singulos

155 2563 250 2626 etiam
280 2580 386 2626 sacros
418 2570 451 2626 et
474 2562 715 2645 Presbyteratus
745 2562 880 2640 ordines,
917 2563 1051 2626 servatis
1081 2561 1119 2625 de
1149 2562 1224 2643 jure
1247 2581 1315 2628 ser·

155 2649 267 2714 vendis
289 2649 466 2730 promoveri
489 2651 619 2730 possint,
650 2656 817 2715 ettamen
839 2647 918 2728 lege,
947 2655 992 2726 ut,
1023 2649 1051 2713 si
1073 2649 1114 2713 ab
1138 2649 1251 2714 ordine
1272 2649 1316 2714 di·

156 2736 330 2820 mittantur,
355 2755 375 2800 a
390 2735 600 2802 celebratione
617 2735 648 2801 S.
664 2737 782 2802 Missae
796 2733 943 2800 sacrificii
959 2735 1104 2816 suspensi
1118 2735 1311 2814 remaneant,

156 2823 266 2973 doneci
286 2823 325 2887 de
355 2841 493 2904 congruo
523 2824 713 2904 patrimonio
740 2822 781 2887 ad
809 2823 1041 2904 praescriptum
1069 2821 1124 2886 SS.
1150 2819 1310 2887 Ganonum

155 2911 245 2991 provi
268 2914 371 2977 eatur.

261 2996 380 3061 Verum
402 2996 537 3079 benigna
564 2996 623 3062 hac
654 2998 855 3062 concessione
881 2995 1082 3061 difficultates
1112 3014 1216 3062 novae
1237 2996 1317 3078 legis

156 3083 337 3149 nullatenus
358 3089 498 3149 remotae
521 3091 610 3165 sunt;
632 3085 762 3165 insuper
784 3083 986 3164 experientia,
1011 3100 1106 3164 quam
1119 3101 1180 3164 per
1203 3083 1316 3149 decen·

156 3171 243 3236 nium
266 3172 355 3237 nobis
378 3170 482 3236 facere
505 3172 626 3253 obtigit,
649 3189 763 3236 novam
787 3170 826 3234 de
849 3170 1016 3235 emissione
1031 3176 1181 3235 votorum
1197 3168 1312 3252 simpli·

157 3258 240 3322 cium
255 3256 358 3340 legem
381 3257 528 3339 religioso
545 3256 655 3323 Ordiui
679 3258 836 3323 nostruin
859 3257 1083 3322 detrimentum
1097 3257 1205 3338 potius
1222 3274 1313 3338 quam

155 3345 189 3408 iu
212 3344 348 3410 salutern
371 3346 480 3410 cedere
510 3347 658 3411 ostendit.
715 3344 821 3422 Quare
844 3341 1056 3426 congregatio
1077 3342 1316 3410 herveto-benc·

158 3433 276 3499 dictina
311 3431 418 3498 oblata
450 3433 623 3512 occasione,
666 3450 728 3512 qua
760 3433 794 3496 in
825 3430 878 3496 SS.
913 3430 1052 3496 Concilio
1086 3429 1246 3497 Vaticano
1277 3431 1314 3496 de

156 3517 378 3586 reformatione
401 3537 524 3602 quoque
539 3518 744 3602 Regularium
766 3537 868 3584 sermo
892 3519 962 3599 erit,
985 3517 1088 3582 denuo
1112 3515 1316 3586 difficultates

157 3624 259 3673 novae
281 3606 448 3688 profitendi
476 3607 557 3689 16616
580 3625 637 3688 pro
665 3606 865 3672 monasteriis
888 3604 1028 3688 ejusdem
1052 3602 1314 3686 Congregationis

157 3695 325 3776 omniqua
347 3695 437 3760 decet
456 3695 633 3760 reverentia
656 3701 688 3759 et
710 3693 916 3758 submissione
937 3691 1138 3772 exponendas
1160 3691 1316 3774 simulque

158 3781 285 3847 modum
314 3782 428 3861 agendi
457 3783 490 3846 in
519 3780 725 3862 suscipiendis
755 3780 998 3860 erudiendisque
1020 3778 1185 3860 religionis
1209 3778 1315 3845 candi·

158 3869 240 3934 datis
255 3869 490 3951 proponendum
507 3869 640 3947 censuit,
664 3886 725 3949 quo
741 3867 814 3932 illue
829 3864 1038 3945 difficultates,
1059 3870 1097 3929 ut
1110 3865 1182 3947 ipsa
1196 3871 1319 3950 sperat,

160 3965 419 4037 praecaveantur,
444 3956 519 4038 quin
541 3964 649 4021 tamen
671 3956 804 4020 intentio
827 3953 882 4019 illa
904 3959 1049 4036 paterna,
1072 3970 1136 4034 qua
1150 3951 1207 4019 SS.
1222 3952 1321 4020 Pater

159 4043 200 4106 ad
222 4043 325 4126 legem
347 4062 461 4110 novam
484 4043 678 4109 condendam
701 4043 848 4107 inductus
872 4050 929 4120 est,
964 4037 1079 4105 effectu
1102 4056 1160 4106 suo
1183 4039 1318 4106 salutari

157 4128 355 4295 fmstregulssd
377 4219 476 4300 igitur
505 4218 547 4282 ad
570 4214 781 4295 difficultates,
812 4233 870 4280 nec
892 4233 955 4280 uon
977 4173 1168 4280 detrimenta
1191 4214 1318 4292 attinet,

158 4321 239 4384 quae
262 4321 300 4367 ex
321 4323 403 4370 nova
433 4303 602 4386 profitendi
628 4302 698 4385 lege
720 4302 918 4368 monasteriis
941 4302 979 4368 0.
1001 4299 1033 4368 S.
1056 4302 1092 4368 11.
1116 4302 1148 4365 in
1172 4300 1325 4367 Helvetia
