2954 4936
524 325 564 370 DE
586 322 683 372 REBUS
705 322 897 373 noemma.

516 599 550 682 5.
590 598 897 684 Postuertam

176 754 498 824 ARCHIEPISGOPI
519 754 833 928 ΜΕΟΗΙὲΙΝΕΝΒέὃ
856 758 915 823 AD
937 757 1118 824 EANDEM
1139 759 1232 824 REM

600 862 648 929 sP
679 861 789 928 CTAN

694 1053 718 1122 I.

235 1179 263 1242 l.
286 1173 431 1240 Ecclesia
452 1193 516 1241 non
538 1175 683 1257 procedit
704 1175 747 1240 ad
770 1174 983 1242 definitionem
1007 1174 1198 1256 dogmatum,
1224 1176 1288 1241 nisi

126 1260 251 1343 quando
271 1262 424 1328 veritates
446 1263 607 1329 revelatae
631 1268 797 1344 negantur,
828 1263 940 1327 autin
964 1261 1093 1328 dubium
1115 1267 1287 1341 vocantur,

125 1364 184 1415 nec
206 1348 333 1415 devenit
354 1349 396 1414 ad
418 1350 709 1415 condemnationem
724 1368 865 1416 errorum
890 1351 944 1431 qui
966 1348 1040 1414 fidei
1063 1348 1287 1429 adversantur,

126 1435 187 1501 nisi
208 1436 333 1519 quando
356 1436 537 1519 hujusmodi
560 1437 723 1503 doctrinae
745 1437 783 1502 de
802 1439 888 1519 facto
912 1437 1166 1504 disseminantur.

232 1528 262 1588 2.
285 1521 347 1589 Sed
369 1524 402 1588 in
424 1523 474 1589 his
497 1524 622 1590 casibus
643 1542 707 1588 non
729 1527 815 1589 tacet
836 1523 991 1605 Ecclesia,
1010 1525 1103 1606 jnrta
1117 1523 1288 1603 Augustini

127 1607 254 1675 silatum
287 1610 395 1690 „Quae
421 1616 496 1676 sunt
518 1616 628 1677 contra
650 1609 757 1690 fidem,
786 1610 837 1677 vel
859 1612 973 1676 bonam
996 1613 1109 1691 vitam,
1143 1609 1286 1676 Ecclesia

125 1714 188 1764 nou
209 1697 375 1780 approbat,
398 1717 457 1765 nec
480 1701 597 1763 tacet.“
643 1698 707 1782 (Ad
728 1698 797 1780 inq.
819 1699 886 1763 Ian.
909 1697 945 1764 L.
972 1701 1021 1763 12.
1045 1717 1076 1762 n.
1101 1697 1167 1781 75.)

232 1790 262 1853 3.
284 1784 357 1850 Non
380 1785 477 1867 igitur
500 1785 643 1867 quaestio
673 1786 791 1850 moveri
813 1791 930 1867 potest,
954 1803 995 1850 au
1018 1785 1115 1850 sitin
1137 1801 1286 1866 praesen·

124 1871 241 1936 tiarum
263 1877 442 1954 opportuna
472 1873 693 1938 condemnatio
721 1890 873 1937 novarum
896 1872 1103 1954 quarumdam
1126 1871 1285 1937 doctriua·

124 1975 195 2023 rum
217 1976 298 2041 quac
326 1960 408 2025 enea
428 1958 669 2025 fundamentum
700 1960 863 2043 regiminis
884 1980 905 2026 a
928 1954 1052 2025 Christo
1083 1958 1116 2024 in
1139 1957 1287 2023 Ecclesia

124 2046 290 2112 constituti
311 2046 406 2112 hodie
421 2047 646 2129 praedicuntur
667 2065 763 2129 super
785 2051 878 2127 tectu,
891 2048 916 2130 1)
941 2065 1013 2112 cum
1035 2044 1117 2110 haec
1138 2045 1286 2110 condem·

123 2135 211 2199 natio
233 2152 297 2199 non
320 2137 498 2217 opportuna
526 2140 665 2214 tantum,
695 2136 753 2201 sed
776 2137 901 2200 omnino
931 2133 1113 2200 necessaria
1135 2130 1283 2198 evaserit.

123 2220 242 2301 „Error
264 2221 380 2303 quippe
411 2222 462 2288 cni
483 2239 548 2287 non
570 2222 738 2303 resistitur,
763 2222 967 2304 approbatur,
997 2220 1030 2286 et
1051 2219 1184 2299 veritas,
1213 2236 1285 2283 cum

122 2306 395 2479 nEond3iendit,
347 2327 395 2390 ur,
426 2309 575 2393 opprimit
576 2313 645 2374 ur.“
691 2306 800 2400 (Corp.
819 2309 901 2390 juris
923 2308 1003 2375 Gan.
1026 2308 1109 2373 Dist.
1132 2311 1184 2386 83,
1214 2323 1287 2388 cap

185 2413 223 2461 or

160 2556 164 2563 ,
228 2487 260 2549 4.
282 2481 427 2548 Necessit
413 2487 512 2548 tatem
535 2483 629 2566 hujus
644 2482 914 2548 condemnationis
936 2480 1130 2546 luculentius
1146 2480 1288 2544 adstruit

121 2570 193 2651 ipsa
214 2556 329 2649 agendi
349 2571 432 2636 ratio
455 2588 565 2635 eorum
580 2571 635 2652 qui
650 2570 810 2635 doctrinas
832 2569 909 2635 istas
924 2572 1118 2650 spargentes
1144 2567 1286 2632 solemne

122 2654 217 2738 huius
240 2654 272 2723 S.
295 2657 517 2724 oecumenicae
533 2658 652 2740 Synodi
674 2657 756 2723 de'‘
736 2676 775 2722 ns
794 2656 947 2739 judicium
970 2674 1048 2738 expe
1049 2659 1131 2722 tunt
1167 2653 1285 2720 Procul

122 2742 222 2829 igitur
245 2742 340 2809 dubio
359 2740 513 2827 judicium
536 2747 670 2826 petitum
692 2744 880 2826 proferetur.

232 2832 263 2898 5
287 2829 368 2903 (lum
400 2850 475 2897 vero
498 2831 537 2896 de
570 2830 670 2897 forma
692 2831 786 2913 hujus
812 2831 923 2913 iudicii
953 2829 1017 2895 alia
1046 2834 1142 2911 atoue
1164 2829 1227 2894 alia
1248 2827 1283 2893 in

122 2914 264 2984 Concilio
286 2919 419 3000 proponi
449 2919 584 3002 possint,
557 2920 841 2984 texaminabunt
862 2917 976 2984 Patres
1007 2935 1048 2981 an
1071 2935 1111 2982 ea
1132 2934 1214 2999 quae
1237 2934 1289 2981 se·

144 3010 280 3087 cuntur,
312 3009 345 3070 et
373 3023 455 3087 quae
488 3025 527 3071 ex
556 2968 705 3071 Decretis
729 3005 991 3088 praecedentiam
1017 3005 1285 3070 oecumenicorum

192 3054 351 3172 cilinium
375 3098 408 3158 et
430 3111 469 3159 ex
490 3092 594 3157 verbis
612 3091 726 3158 Comit'
700 3097 818 3157 trorum
835 3091 923 3158 (lieri
936 3090 1092 3176 pellicunt
1113 3091 1283 3172 praecipue

123 3182 277 3264 excerpta
298 3184 382 3260 sunt,
406 3179 522 3245 hunc
513 3198 546 3244 m
568 3177 662 3245 finem
685 3181 756 3245 usui
778 3196 849 3245 esse
871 3179 1011 3245 valeam.

684 3389 725 3457 11.
786 3418 789 3423 ·

231 3514 260 3574 l.
283 3508 318 3577 si
338 3511 409 3591 quis
432 3511 546 3577 dixerit
567 3517 679 3576 contra
705 3509 836 3576 Consilii
861 3509 1038 3576 Florentini
1060 3507 1286 3589 definitionem,

123 3594 269 3663 Sanctam
291 3598 498 3681 apostolicam
512 3597 626 3663 Sedem
648 3600 681 3662 et
706 3598 880 3664 Romanum
900 3594 1083 3662 Pontificem
1104 3596 1138 3660 in
1160 3595 1285 3661 uuiver-

122 3701 194 3750 sum
217 3684 326 3750 orbem
348 3703 412 3751 non
433 3690 541 3752 tenere
563 3685 742 3767 primatum,
773 3690 815 3763 et¹
828 3685 933 3768 ipsum
956 3686 1132 3750 Romanum
1154 3681 1286 3748 Pontifi-

71 3797 77 3804 ¹
122 3789 192 3837 cem
206 3788 421 3849 successorem
436 3790 499 3838 non
516 3790 586 3838 esse
600 3773 636 3840 B.
653 3770 738 3838 Patri
753 3772 906 3855 principis
921 3769 1154 3855 Apostolorum,
1172 3788 1284 3836 verum

122 3855 243 3924 curisti
264 3858 436 3941 Vicariurn,
463 3860 562 3926 totius
585 3857 748 3924 Ecclesiae
770 3862 877 3941 caput,
907 3859 1107 3940 omniumque
1129 3855 1290 3923 Christia-

121 3963 235 4011 norum
268 3951 394 4029 patrem
422 3950 454 4013 et
483 3947 663 4025 doctorem3
697 3964 755 4011 nec
783 3947 845 4029 ipsi
873 3947 907 4010 in
935 3946 973 4013 B.
997 3945 1094 4011 Petro
1120 3943 1287 4026 pascendi,
1391 3973 1394 3985 ι

120 4032 258 4119 regendi
284 4039 319 4100 et
341 4033 538 4118 gubernandi
573 4032 784 4100 universalem
812 4031 986 4099 Ecclesiam
1013 4050 1033 4096 a
1064 4032 1103 4096 D.
1133 4029 1172 4095 N.
1196 4032 1221 4098 Ι.
1247 4029 1290 4100 Ο..

233 4310 254 4379 ¹)
272 4311 305 4366 ln
324 4311 481 4382 Germania,
499 4312 528 4367 in
547 4311 647 4381 Gellia
665 4317 694 4366 et
712 4326 762 4380 per
780 4309 982 4380 Epiremeridas
1000 4309 1110 4380 ubique.
