2946 4942
160 327 202 387 42
441 341 560 388 senuna
582 329 823 389 oonstrmnrours
847 338 1035 387 ooanrnoarr

622 468 764 555 ¹CAPUT
788 476 841 543 VI.

181 592 357 668 Ecclesiam
383 623 448 668 asae
470 603 649 668 societatem
672 603 714 667 od
736 601 870 702 salutem
893 592 1143 683 consequendum
1167 603 1297 668 omnino

623 709 848 755 neceocoroom.

264 830 346 896 Hinc
370 850 478 896 omnes
500 831 695 911 intelligant,
721 845 815 910 quam
839 831 1018 894 necessaria
1041 829 1082 893 ad
1105 827 1238 894 salntem
1263 828 1317 894 ob-

157 919 320 982 tinendam
344 920 479 984 societas
504 919 544 982 sit
566 917 708 983 Ecclesia
732 915 857 981 Christi.
903 912 1023 981 Tantae
1046 917 1192 981 nimirum
1209 932 1317 981 necee-

156 1002 270 1086 aiiatis,
294 1011 432 1087 quantae
456 1004 649 1071 consortium
672 1011 705 1069 et
728 1006 906 1088 conjunctio
919 1009 968 1068 ost
984 1023 1054 1069 curu
1070 1003 1197 1068 Christo
1210 1003 1317 1085 capite

156 1097 188 1158 et
201 1094 332 1175 mystico
345 1094 412 1175 ejus
428 1111 566 1174 corpore,
580 1092 804 1174 praeterquod
817 1090 936 1156 nullam
952 1093 1046 1156 aliam
1068 1092 1318 1156 communionem

156 1181 223 1331 ipse
256 1181 358 1245 nutrit
388 1188 422 1245 et
448 1179 532 1245 iovet
563 1185 711 1261 tanquam
746 1179 922 1245 Ecclesiam
957 1198 1066 1258 suam,
1097 1196 1192 1260 quam
1216 1176 1317 1243 solam

178 1266 267 1332 ilexit
289 1274 321 1331 ot
333 1269 470 1348 seipsum
483 1267 614 1332 tradidit
633 1287 688 1349 pro
702 1286 748 1346 ea,
765 1273 800 1331 ut
815 1267 902 1331 illam
919 1267 1140 1345 sanctificaret,
1158 1265 1319 1329 inundans

155 1354 280 1420 lavacro
303 1374 404 1437 aquae
427 1358 458 1420 in
482 1352 577 1420 verbo
600 1357 699 1420 vitae:
724 1362 760 1418 nt
784 1355 944 1420 exhiberet
967 1357 1033 1436 ipse
1057 1355 1117 1418 sibi
1140 1353 1315 1434 gloriosam

155 1441 347 1522 Ecclesiam,
379 1461 443 1507 non
478 1443 647 1507 habentem
677 1441 848 1521 maculam,
881 1449 937 1506 aut
958 1450 1090 1524 lugam,
1115 1449 1171 1505 aut
1194 1440 1316 1521 aliquid

155 1528 342 1611 huiusmodi,
367 1530 423 1595 sed
446 1537 482 1594 ut
505 1531 547 1594 sit
569 1535 676 1594 sancta
699 1535 732 1595 et
746 1529 989 1612 immaculata1)
1012 1529 1132 1593 Idcirco
1152 1530 1318 1607 docemus,

155 1612 329 1683 Ecclesiam
353 1636 416 1683 non
437 1617 568 1682 liberam
593 1619 775 1682 societatem
798 1635 877 1698 esse,
901 1618 990 1699 quasi
1013 1614 1193 1682 indifferens
1216 1616 1261 1680 sit
1273 1615 1314 1680 ad

155 1704 299 1786 salutem,
323 1724 392 1770 eam
415 1707 479 1770 sive
503 1723 595 1770 nosse
618 1706 685 1770 sive
707 1707 867 1787 ignorare,
898 1706 963 1769 sive
986 1702 1108 1786 ingredi
1131 1697 1318 1769 siverelin-

155 1810 267 1874 qnere3
291 1792 347 1858 sed
370 1810 439 1858 esse
462 1794 588 1858 omnino
612 1793 833 1871 necessariam,
858 1794 1025 1882 etquidem
1042 1793 1235 1856 necessitate
1250 1808 1316 1856 non

155 1884 280 1944 tantum
303 1881 464 1962 praecepti
489 1880 645 1961 dominici,
669 1899 729 1962 quo
753 1879 898 1944 Salvator
922 1882 1065 1944 omnibns
1084 1879 1231 1961 gentibus
1243 1888 1313 1943 eam

154 1966 392 2049 ingrediendam
415 1968 634 2050 praescripsit3
658 1984 765 2032 verum
790 1967 885 2032 ctiam
909 1968 1011 2047 medii,
1036 1967 1150 2048 quiain
1167 1967 1314 2031 instituto

155 2052 304 2119 salutaris
327 2055 545 2138 providentiae
569 2057 677 2120 ordine
702 2055 942 2121 communicatio
966 2055 1068 2120 sancti
1079 2052 1224 2135 Spiritus,
1241 2070 1317 2135 par-¹

154 2142 297 2224 ticipatio
328 2143 470 2207 veritatis
502 2148 534 2207 et
561 2145 644 2207 vitae
673 2163 735 2208 non
771 2143 948 2222 obtinetur,
973 2143 1035 2207 nisi
1057 2143 1090 2206 in
1114 2140 1259 2206 Ecclesia
1279 2145 1317 2205 et

155 2246 212 2310 per
236 2228 420 2308 Ecclesiam,
445 2233 534 2313 cujus
558 2237 654 2312 caput
676 2238 726 2295 est
750 2229 902 2296 Christus.

619 2490 755 2558 CAPUT
780 2492 846 2556 VII.

355 2613 463 2678 Extra
486 2615 663 2680 Ecclesiam
685 2614 809 2680 salvari
831 2617 988 2680 neminem
1004 2635 1110 2696 posce.

240 2748 338 2818 Porro
374 2753 487 2836 dogma
521 2753 594 2820 fidei
617 2761 680 2837 est,
704 2761 795 2820 extra
816 2755 991 2820 Ecclesiam
1015 2754 1131 2821 salvari
1154 2753 1314 2819 nerninem

154 2855 254 2918 posse.
301 2836 410 2921 Neque
440 2848 560 2920 tamen,
595 2844 649 2924 qui
683 2843 767 2908 circa
791 2841 951 2908 Christum
982 2845 1112 2926 eiusque
1135 2840 1315 2907 Ecclesiam

153 2925 323 2991 invincibili
345 2927 525 3009 ignorantia
548 2928 704 3006 laborant,
717 2937 846 3012 propter
868 2928 949 2996 hanc
972 2930 1183 3013 ignorantiam
1201 2930 1315 3011 poenis

153 3008 291 3078 aeternis
326 3010 496 3081 damnandi
519 3022 611 3097 sunt,
646 3035 715 3082 cum
740 3017 826 3082 nulla
848 3018 1089 3100 obstringantur
1111 3016 1242 3098 huJusce
1265 3016 1314 3081 rei

153 3098 247 3183 culpa
269 3107 344 3168 ante
366 3105 473 3170 oculos
496 3103 631 3184 Domini,
656 3104 802 3184 quivult
825 3124 934 3170 omnes
957 3105 1099 3171 homines
1124 3104 1229 3170 salvos
1242 3101 1315 3170 lieri

152 3184 186 3252 el
218 3188 259 3253 ad
286 3190 476 3271 agnitionem
500 3192 645 3258 veritatis
667 3192 791 3272 venire,
827 3192 941 3275 quique
965 3192 1090 3258 facienti
1113 3190 1197 3274 quod
1220 3191 1253 3255 in
1276 3208 1312 3256 se

152 3280 201 3340 est
223 3294 285 3341 non
308 3277 446 3361 denegat
466 3281 612 3360 gratiam,
636 3284 672 3344 ut
690 3278 948 3362 justificationem
971 3286 1004 3345 et
1025 3282 1123 3345 vitam
1145 3284 1311 3345 aeternam

153 3364 301 3446 consequi
324 3367 444 3446 possit:
468 3367 524 3432 sed
546 3366 629 3433 hanc
651 3365 980 3450 nuliusconseqnitur,
1001 3365 1170 3450 quiafidei
1184 3365 1313 3432 unitate

151 3449 262 3518 veleb
288 3444 450 3519 Ecclesiae
473 3455 691 3542 communione
714 3452 912 3537 culpabiliter
933 3454 1092 3538 sejunctus
1115 3473 1154 3519 ex
1171 3452 1313 3519 hacvita

152 3536 286 3605 decedit.
330 3531 364 3606 Si
386 3542 457 3623 quis
479 3542 511 3607 in
533 3542 594 3611 hac
616 3560 691 3609 arca
714 3560 777 3608 non
799 3540 924 3623 inerit,
944 3543 1061 3624 peribit
1083 3547 1239 3625 regnante
1262 3531 1310 3607 di·

151 3625 246 3717 lunio.
271 3626 376 3704 Quare
397 3630 603 3712 reprobamus
625 3635 658 3697 et
680 3631 878 3696 detestamur
910 3629 1039 3712 impiam
1073 3648 1172 3712 aeque
1196 3647 1234 3695 ae
1249 3627 1312 3711 ipsi

149 3712 264 3780 rationi
286 3722 515 3798 repugnantem
538 3716 578 3783 de
600 3717 789 3800 religionum
810 3710 1020 3783 indifferentia
1043 3715 1230 3795 doctrinam,
1246 3725 1312 3796 qua

150 3796 207 3865 filii
229 3800 324 3884 huJus
347 3796 473 3881 saeculi,
498 3805 641 3872 veritatis
663 3811 696 3870 et
711 3806 827 3872 erroris
843 3805 968 3871 sublato
985 3804 1173 3886 discrimine,
1188 3798 1310 3886 dicunt,

150 3889 296 3955 omnibus
331 3897 480 3956 aeternae
514 3894 599 3958 vitae
629 3898 756 3975 portum
779 3911 817 3957 ex
839 3893 981 3975 qnalibet
1003 3891 1157 3974 religione
1179 3894 1310 3973 patere;

151 3981 207 4042 aut
229 3978 436 4059 contendunt,
473 3979 512 4044 de
545 3981 678 4046 veritate
709 3980 872 4062 religionis
906 3979 1068 4132 opiniones
1089 3985 1214 4045 tantum
1237 3977 1311 4060 plns

151 4063 295 4130 mansue
333 4064 530 4148 probabiles,
566 4086 629 4134 non
663 4071 769 4133 autern
804 4062 920 4134 certitu
942 4068 1025 4133 inem
1059 4060 1170 4133 haberi
1204 4083 1311 4148 posse

261 4343 281 4409 ¹)
302 4343 340 4396 (li.
358 4359 393 4410 ‚ep
421 4343 455 4397 ad
474 4343 577 4411 Ephes.
596 4338 628 4398 V.
644 4344 689 4398 ΞΕ).
711 4352 739 4399 el
758 4349 801 4399 25.
822 4349 865 4399 27.
