2946 4942
620 343 659 388 or,
681 341 861 392 orscrrtml.
1106 389 1108 393 ,
1261 329 1325 388 221

164 477 223 543 scd
245 479 376 560 scripto,
406 481 545 546 divinum
568 483 661 564 plane
683 482 809 546 modum
833 483 1029 563 excogitavit,
1052 487 1085 546 et
1106 481 1189 546 viam
1213 481 1329 546 salutis

163 565 331 630 mtendit.“
345 569 370 644 1)

276 652 328 732 „Si
365 655 499 721 virtutes
532 656 784 736 praedicantium
821 663 896 721 sunt
929 662 1118 721 ornamenta
1155 655 1324 734 coelorum,

163 738 307 820 profecto
330 741 367 807 B.
390 743 577 808 Franciscus
608 744 648 808 de
670 741 760 808 Sales
783 744 949 824 splendere
979 743 1075 808 debet
1097 745 1181 808 inter
1204 744 1326 826 majora

163 826 271 892 sidera
291 828 324 891 in
348 835 520 912 perpetuas
544 830 768 910 aeternitatem
792 831 907 895 ardens
930 830 1011 895 enim
1026 830 1163 908 lucerna,
1186 831 1250 895 imo
1272 831 1327 895 lux

165 915 275 979 mnndi
297 913 364 993 suit,
389 917 465 983 dum
492 919 616 1000 populis
638 917 698 983 sibi
722 917 912 996 commissis,
945 935 1085 982 errorum
1117 918 1230 982 umbra
1252 917 1324 983 cali-

163 1002 329 1152 {ambus’
362 1023 433 1068 cum
456 1005 612 1086 exemplo,
644 1010 713 1069 tum
735 1005 880 1069 doctrina
903 1005 944 1069 ad
968 1004 1043 1070 solis
1056 1005 1231 1070 'veritatem
1254 1022 1326 1086 per-

188 1088 284 1153 uxjty
300 1094 326 1167 a)
1061 1118 1064 1130 s

271 1177 353 1256 Quid
370 1179 565 1260 praeclarius
580 1179 667 1243 hisce
681 1179 787 1243 verbis
802 1184 835 1243 et
850 1179 926 1258 quid
940 1179 1074 1260 amplius
1091 1179 1324 1259 expetendum?

163 1263 199 1328 Si
221 1267 285 1330 non
307 1266 435 1331 adesset
462 1282 559 1330 unum
581 1284 657 1347 prae
690 1267 802 1331 ceteris
825 1266 895 1329 aliis
925 1267 1161 1347 supereminens
1185 1267 1326 1331 testimo-

166 1353 267 1431 nium,
299 1353 469 1417 Alexandri
501 1371 613 1433 nempe
635 1353 717 1432 Vll,
749 1355 802 1433 qui
830 1353 1042 1434 quadraginta
1075 1353 1165 1418 annis
1196 1360 1228 1417 et
1260 1371 1326 1417 am·
1365 1417 1367 1420 ,

163 1437 249 1519 plius
271 1439 338 1520 ejus
360 1440 480 1521 scripta
502 1440 617 1504 diurna
639 1446 671 1504 et
693 1447 847 1505 nocturna
862 1458 956 1503 manu
979 1441 1159 1521 versanti)
1183 1444 1215 1504 et
1237 1441 1332 1504 enixe

164 1525 301 1609 legenda
323 1526 564 1592 commendabat
585 1529 813 1605 incunctanter,
839 1544 982 1592 asserens
1006 1545 1040 1592 se
1064 1529 1097 1592 in
1120 1528 1165 1593 eis
1181 1527 1331 1592 hausisse

164 1612 318 1693 quidquid
340 1614 373 1678 in
394 1614 463 1695 ipso
485 1613 559 1679 boni
582 1632 651 1678 esse
674 1614 828 1697 possettl
862 1621 895 1678 et
917 1615 958 1679 ad
980 1621 1083 1680 rectas
1106 1616 1176 1679 vias
1200 1615 1324 1679 Domini

165 1700 338 1765 currendos
371 1701 525 1766 Salesium
558 1703 703 1782 protinus
726 1720 852 1766 currum
887 1707 920 1766 et
947 1703 1090 1784 aurigam
1124 1704 1328 1784 praecipuum

163 1787 361 1871 habuissel)
1010 1787 1015 1793 ’

270 1875 524 1960 Imaquantum
548 1875 660 1957 potuit,
683 1875 767 1940 illius
790 1876 908 1957 scripta
931 1874 1154 1956 propagamur)
1177 1881 1210 1940 et
1232 1892 1330 1956 qnae-

167 1961 243 2025 dam
276 1962 373 2027 etiam
407 1964 535 2045 propria
568 1981 664 2027 manu
698 1962 731 2027 in
764 1963 904 2028 italicum
939 1980 1115 2028 sermonem
1149 1962 1324 2028 transtulit.

167 2047 304 2113 Constat
319 2050 367 2119 ,ab
386 2050 455 2131 ipso
477 2048 574 2114 fuisse
597 2051 802 2132 compositam
817 2050 991 2115 orationem
1013 2051 1047 2113 in
1062 2046 1164 2113 oificio
1180 2047 1210 2115 S.
1226 2047 1328 2112 Fran-

167 2136 242 2201 cisci
263 2138 433 2218 propriam,
457 2138 489 2201 in
512 2155 575 2219 qua
598 2138 749 2202 orandum
776 2138 933 2203 decrerit:
965 2143 1001 2201 at
1023 2138 1092 2218 ejas
1114 2136 1330 2217 diripentium

165 2223 297 2288 monitis
319 2241 358 2289 ac
380 2224 635 2306 suffrapoatibas
649 2225 772 2288 aseritis
795 2230 924 2289 oeterao
946 2223 1069 2307 pacata
1089 2241 1326 2304 consequamur.

165 2310 247 2374 Item
270 2311 330 2376 hoc
353 2311 392 2375 de
414 2310 468 2375 illo
490 2311 689 2376 Breviarium
718 2329 882 2375 romanum
904 2311 1080 2392 praedicat:
1118 2309 1210 2388 „Suis
1232 2310 1327 2374 etiam

166 2397 294 2479 scriptis
318 2398 445 2463 caelesti
472 2399 616 2463 doctrina
648 2397 774 2462 refertis
798 2396 970 2463 Ecclesiam
993 2396 1178 2474 illustravit,
1212 2396 1332 2475 quibus

165 2485 229 2550 iter
244 2484 285 2549 ad
300 2484 504 2551 christianam
518 2485 741 2566 perfectionem
756 2488 860 2549 tutum
875 2489 908 2549 et
922 2484 1051 2564 planum
1068 2484 1290 2549 demonstrat.“
1301 2484 1325 2566 l)

166 2572 305 2637 Videant
335 2571 390 2636 alii
416 2590 491 2636 num
525 2574 595 2653 quis
617 2590 756 2653 unquam
787 2573 821 2636 in
843 2570 984 2636 Ecclesia
1007 2570 1249 2636 solemnioribus
1271 2588 1331 2634 en·-

168 2660 276 2724 comiis
299 2658 477 2724 celebratus
499 2658 603 2724 luerit.

273 2744 383 2812 Sancti
411 2747 573 2812 Francisci
594 2745 711 2826 gloria,
745 2751 795 2811 tot
821 2743 885 2824 jam
915 2743 1062 2810 laudibus
1085 2748 1193 2823 aucta,
1229 2745 1328 2808 etiam

167 2834 359 2915 temporibus
392 2834 509 2900 nostris
544 2833 659 2898 crescit
689 2833 800 2898 eundo.
852 2830 967 2898 Coram
997 2831 1056 2897 hoc
1084 2831 1264 2896 dulcissimo
1293 2837 1327 2895 et

168 2921 416 2986 veneratissimo
447 2921 572 2985 nomine
604 2921 748 2985 indomiti
771 2924 801 2984 et
832 2919 964 2985 hostiles
993 2920 1168 2984 animorum
1192 2920 1328 2999 impetus

168 3008 351 3072 minuuntur
373 3015 405 3072 et
428 3008 598 3088 sedantur3
629 3027 686 3073 nec
709 3011 756 3073 tot
777 3007 908 3071 infensis
938 3007 1061 3072 saeculo
1084 3011 1192 3070 nostro
1216 3005 1326 3068 animis
1349 3007 1351 3011 ’

167 3099 216 3160 est
238 3112 354 3160 nornen
377 3094 463 3159 alind
485 3097 585 3177 magis
609 3099 773 3176 acceptum
795 3094 837 3159 ad
859 3095 943 3175 ipsos
966 3093 1138 3158 catholicae
1162 3091 1326 3156 doctrinae

166 3187 196 3246 et
219 3182 304 3246 vitae
327 3182 584 3247 reconciliandos.
629 3183 735 3246 Aurea
762 3182 862 3262 ipsius
885 3182 1012 3266 scripta,
1045 3180 1160 3244 nedum
1185 3179 1330 3243 obsoles-

164 3273 253 3348 cant,
286 3270 373 3335 novis
396 3288 520 3351 semper
543 3271 730 3335 editionibus
754 3275 979 3350 propagantur,
1014 3285 1076 3330 non
1100 3267 1168 3331 sine
1191 3266 1326 3330 maximo

160 3361 250 3422 certe
273 3355 432 3437 proiectu:
457 3376 530 3422 nam
554 3375 677 3422 errores
691 3356 806 3437 quibus
829 3356 923 3421 hodie
947 3355 1080 3419 societas
1096 3358 1332 3433 conquassatur

157 3459 228 3509 non
252 3449 328 3508 sunt
349 3445 410 3509 nisi
432 3464 539 3510 eorum
571 3444 766 3509 consectaria
787 3461 866 3523 quos
890 3446 1054 3526 oppugnat
1075 3445 1205 3506 sanctus
1228 3439 1328 3503 Fran-

156 3534 276 3597 ciscus.
313 3529 404 3595 Unde
427 3550 551 3612 semper
573 3537 606 3596 et
628 3532 797 3595 sanctitate
819 3536 852 3595 et
868 3530 1014 3612 operibus
1035 3526 1223 3593 immortalis
1240 3527 1327 3592 vivit.

277 3773 297 3842 ¹)
316 3772 468 3827 cardinalis
487 3773 608 3828 Delcius.

275 3845 297 3912 ²)
316 3842 467 3924 Cardinalis
486 3844 645 3924 Farnesius.

274 3913 297 3981 ³)
316 3913 346 3966 In
367 3912 517 3966 Consistor.
537 3913 735 3980 eamr-publico,
754 3916 796 3966 20.
816 3920 868 3969 oct.
891 3914 966 3965 1662.

275 3985 296 4050 4)
316 3983 403 4050 Epist.
422 3982 457 4036 ad
475 3989 610 4051 nepotem.
1251 4048 1254 4057 Ι

274 4052 296 4118 ⁵)
315 4052 397 4120 Resp.
418 4052 519 4106 Secret.
538 4053 632 4119 Epiac.
651 4053 678 4104 in
696 4051 815 4106 Consist.
835 4052 907 4117 publ.
930 4054 969 4102 14.
989 4049 1061 4128 Sept.
1083 4049 1160 4129 lddt.
1199 4046 1327 4128 Scribens

126 4117 423 4203 sSanctimonialibus
443 4123 613 4177 visitationis
635 4122 755 4185 Annecli,
776 4121 929 4174 doctrinam
948 4120 1089 4171 Francrscr
1110 4118 1190 4183 plane
1209 4115 1329 4169 drrmam

150 4192 491 4330 procraa5rtmnlssv1ifflffir
495 4193 576 4316 6s⁶t60l
596 4262 623 4314 m
641 4262 730 4316 areas.
752 4260 810 4328 rii,
828 4261 874 4314 nn.
895 4260 913 4312 1.
934 4259 998 4325 cap.
1027 4257 1059 4314 v,

277 4335 297 4399 7)
318 4331 403 4386 Sexta
420 4332 501 4386 lectio
520 4335 546 4384 in
567 4330 612 4385 off.
632 4329 657 4384 S.
677 4329 828 4398 Francisci,
848 4333 889 4385 29.
906 4329 963 4397 jan.
