2946 4942
641 330 680 374 or
705 328 884 376 orsormmn.
1278 317 1340 376 217

558 534 629 617 161³.
669 533 974 618 rosconmon

256 646 457 758 ¹aaronem
482 691 667 758 couornu
687 693 865 760 naraon
888 692 945 757 no
968 692 1150 758 eunoun
1171 694 1263 758 aon

641 797 887 865 eanrmnus.
1285 804 1288 810 ⁴

560 1064 564 1069 .
606 990 792 1054 Beatissime
816 989 926 1054 Pater!

290 1127 368 1192 Cum
393 1128 500 1210 populi
524 1128 693 1194 Christiani
717 1147 793 1210 erga
808 1127 958 1194 Sanctum
975 1127 1092 1210 Joseph
1117 1129 1241 1194 devotio
1257 1147 1342 1194 cres·

139 1221 237 1282 Ocet
259 1216 292 1279 in
320 1217 394 1296 dies,
429 1217 570 1297 urinaque
603 1215 687 1279 illius
717 1215 824 1280 Sancti
859 1217 982 1281 bonitas
1012 1221 1044 1280 et
1076 1216 1217 1296 potentia
1253 1219 1341 1283 novis

179 1304 419 1382 innumerisque
447 1300 605 1367 beneficiis
636 1322 670 1368 se
701 1322 824 1384 quoque
852 1304 884 1366 in
908 1304 975 1368 dies
999 1302 1143 1383 prodant,
1178 1310 1212 1368 et
1235 1305 1342 1384 Ipsum

139 1384 144 1395 “
181 1389 332 1454 universa
355 1389 499 1454 Ecclesia
529 1390 672 1471 ampliori
699 1391 785 1454 cultu
816 1390 970 1456 celebrari
1001 1390 1228 1472 altioribusqne
1250 1391 1342 1457 deco-

180 1477 248 1542 rari
271 1477 440 1542 honoribus
463 1477 611 1541 ardenter
633 1482 745 1558 optare
761 1478 914 1558 videatur,
939 1476 1021 1542 infra
1044 1479 1154 1559 scripti
1169 1479 1343 1545 Vaticanae

182 1563 304 1646 Synodi
319 1565 439 1643 Patrae,
457 1565 497 1629 ad
514 1565 609 1645 pedes
626 1563 811 1629 Sanctitatis
828 1565 961 1630 Vestrae
978 1565 1144 1647 provoluti,
1169 1565 1342 1632 humillime

180 1649 367 1732 efflagitant,
391 1659 426 1716 ut
449 1653 502 1733 qui
526 1671 545 1715 a
568 1653 703 1716 Domino
727 1654 918 1717 constitutus
941 1658 991 1717 est
1014 1653 1176 1732 Unigeniti
1198 1653 1270 1718 Filii
1293 1655 1342 1718 sui

180 1743 299 1817 custos,
336 1739 451 1819 quique
474 1758 550 1819 erga
572 1739 680 1804 lesum
705 1746 736 1804 et
760 1740 893 1804 Mariam
917 1739 1021 1804 Patris
1044 1758 1081 1803 ao
1103 1739 1216 1821 Sponsi
1239 1741 1342 1806 officia

179 1823 334 1891 fidissimo
357 1845 464 1890 amore
491 1845 673 1908 summeque
705 1827 866 1908 diligentia
897 1825 1053 1892 indefesse
1084 1827 1276 1909 adimplevit,
1311 1830 1341 1893 Is

181 1912 278 1979 etiarn
311 1932 330 1977 a
358 1915 472 1978 Vestra
502 1915 702 1979 Beatitudine
733 1915 868 1994 eligatur
897 1933 934 1979 aa
967 1914 1147 1978 declaretur
1175 1916 1341 1980 universae

180 1999 354 2080 Ecclesiae,
391 2020 470 2081 quae
500 2021 615 2083 corpus
640 2002 755 2066 Christi
780 2009 834 2081 est,
870 2003 1025 2066 Patronus
1048 2007 1144 2082 atque
1167 2004 1340 2082 Protector,

180 2092 213 2152 et
244 2085 361 2152 festum
385 2089 549 2168 patrocinii
584 2092 652 2172 epus
683 2109 752 2154 curn
784 2090 848 2153 ritu
875 2091 995 2171 primae
1027 2089 1137 2154 classis
1168 2097 1200 2155 et
1230 2095 1342 2156 octava

180 2174 298 2256 ubique
320 2181 352 2239 et-
375 2177 415 2239 ab
439 2178 583 2240 omnibus
606 2184 786 2260 peragatur.

199 2262 202 2267 ’
287 2263 416 2327 Interim
439 2282 496 2344 pro
520 2265 630 2344 seipsis
659 2270 690 2327 et
711 2282 769 2347 pro
802 2265 968 2328 animabus
991 2265 1051 2330 sibi
1074 2266 1260 2330 concreditis
1283 2267 1342 2331 Be·
1406 2344 1407 2348 Ἰ

180 2349 392 2414 sedictionem
417 2352 630 2431 Apostolieam
653 2353 810 2416 instanter
832 2351 1004 2433 postulant.

392 2489 602 2555 Beatitudinis
626 2492 758 2557 Vestrae

498 2630 671 2694 Humillimi
695 2637 728 2696 et
752 2632 944 2696 devotissimi
970 2632 1002 2695 in
1025 2629 1151 2696 Christo
1174 2630 1254 2696 Filii.

146 2778 149 2785 ’
269 2786 358 2851 Huic
373 2788 588 2868 postulationi
611 2789 869 2870 subscripserant
890 2793 952 2852 118
977 2787 1114 2854 Concilii
1137 2787 1263 2852 Patres.

566 3189 617 3270 u.
658 3187 960 3271 rosconmon
1013 3152 1016 3158 ’

231 3345 290 3412 UT
314 3345 344 3410 S.
368 3345 601 3412 FRANCISCO
623 3346 797 3413 eleusio
822 3346 1023 3412 EPlSCOPO
1048 3341 1291 3409 GENEVENSI

272 3450 450 3516 TITULUS
477 3450 682 3516 DOCTORIS
706 3451 937 3517 ECCLESIAE
962 3448 1254 3516 DECERNATUR.

605 3645 792 3708 Beatissime
815 3644 926 3710 Pater!

288 3781 568 3848 Reverendissimis
598 3784 745 3850 Patribus
775 3785 816 3848 ad
847 3785 877 3850 S.
904 3781 1144 3848 Oecnmenicum
1169 3777 1341 3844 Concilium

164 3859 371 3934 Vaticanum
387 3871 569 3935 coadunatis
585 3870 731 3935 solatium
756 3891 831 3937 sane
854 3871 1000 3934 intentis
1024 3867 1182 3932 laboribus
1199 3873 1230 3930 et
1254 3883 1341 3945 spem

159 3965 329 4038 magnam
361 3954 497 4022 afferunt
526 3959 675 4022 uberrimi
705 3958 825 4023 fructus
853 3975 932 4038 quos
961 3977 998 4021 ex
1020 3955 1166 4021 Conciliis
1190 3953 1341 4018 Oecume-

157 4044 270 4122 niciS,
306 4048 340 4107 et
361 4045 394 4107 in
417 4045 526 4125 primis
549 4065 585 4109 ex
613 4043 744 4110 Concilii
768 4045 944 4109 Tridentini
968 4042 1201 4108 definitionibus
1225 4047 1256 4103 et
1281 4039 1342 4103 De-

155 4132 277 4196 cretis
301 4135 417 4194 norunt
439 4150 508 4197 esse
532 4132 686 4198 collectos.

290 4217 388 4282 Porro
420 4220 504 4284 inter
533 4225 676 4300 pastores
707 4225 739 4283 et
769 4219 912 4283 doctores
944 4237 963 4282 a
991 4216 1128 4282 Concilio
1156 4215 1341 4280 Tridentino

148 4305 354 4372 Suscitatos
383 4312 415 4372 et
438 4309 528 4387 qnasi
560 4313 651 4372 natos
684 4323 762 4387 quos
792 4307 875 4370 misit
905 4306 990 4370 Deus
1029 4306 1086 4383 „ad
1119 4301 1341 4370 confortandas
