2946 4942
486 281 523 328 nr
547 280 692 329 aomnsm
715 280 832 329 cason
856 282 876 328 1.
1217 269 1259 331 25

45 487 48 490 ,
101 421 240 502 pientes,
273 438 453 503 speramus,
489 424 524 485 ut
546 421 577 485 in
601 439 664 485 una
686 420 916 499 communione,
940 439 1033 502 quam
1057 420 1155 487 Sedes
1178 422 1260 504 Apo·

100 507 214 573 stolica
246 508 430 589 praedicat,
459 525 529 572 esse
552 526 742 589 mereamur,
773 509 805 572 in
828 526 890 589 qua
913 514 962 573 est
984 509 1109 591 integra
1131 517 1162 574 et
1186 527 1261 574 vera

100 595 301 661 Christianae
322 595 484 677 religionis
506 594 659 660 soliditas.
674 597 699 675 ¹)
733 594 938 677 Approbaute
960 614 1033 662 vero
1056 597 1261 678 lugdunensi

100 682 244 748 Concilio
276 683 429 764 secundo,
464 682 579 748 Graeci
613 681 744 764 professi
778 688 867 747 sunt:
902 682 1052 749 Sanctam
1085 684 1257 748 Romanam

99 769 278 836 Ecclesiam
299 789 458 836 summum
481 775 514 835 et
535 769 663 851 plenum
685 771 854 851 primatum
877 775 910 836 et
932 772 1142 853 principatum
1166 789 1261 853 super

99 858 281 922 uuiversum
314 856 490 925 Ecclesiam
525 856 711 923 catholicam
745 858 909 938 obtinere,
944 876 1037 939 quem
1072 877 1106 924 se
1128 859 1168 923 ab
1191 860 1260 941 ipso

100 944 239 1010 Domino
261 945 294 1010 iu
315 934 410 1011 beato
432 944 529 1010 Petro
553 945 774 1025 Apostolorum
789 946 930 1026 principe
945 947 1012 1011 sive
1026 947 1152 1024 vertice,
1171 947 1260 1028 cujus

98 1031 264 1097 Romanus
287 1031 431 1098 Pontifex
465 1036 514 1096 est
547 1050 725 1111 successor,
760 1050 830 1098 cum
864 1033 1031 1114 potestatis
1066 1033 1261 1115 plenitudine

96 1120 262 1201 recepisse
283 1121 438 1185 veraciter
460 1126 494 1184 et
516 1118 678 1184 humiliter
700 1121 909 1200 recognoscit;
932 1126 966 1185 et
988 1120 1069 1187 sicut
1091 1139 1167 1202 prae
1191 1139 1261 1185 cae-

95 1208 182 1273 teris
204 1212 332 1272 tenetur
355 1206 428 1273 fidei
450 1207 615 1272 veritatem
639 1206 824 1286 defendere,
849 1208 894 1272 sic
917 1212 959 1286 et,
983 1209 1010 1272 si
1033 1225 1115 1290 qnae
1139 1209 1177 1272 de
1200 1205 1261 1272 fide

94 1295 254 1359 subortae
276 1293 394 1360 fuerint
416 1294 629 1376 quaestiones,
653 1313 710 1359 suo
733 1294 850 1359 debent
869 1293 988 1374 judicio
1012 1294 1143 1359 definiri.
1188 1293 1261 1360 Elo-

100 1383 265 1446 rentinum
299 1382 433 1464 denique
466 1380 631 1447 concilium
666 1381 826 1448 definivit:
869 1381 1053 1447 Pontificem
1076 1381 1262 1458 Romanum,

96 1470 213 1532 varum
236 1468 354 1534 Christi
377 1470 560 1548 Vicarium,
579 1470 746 1550 totiusque
768 1468 930 1535 Ecclesiae
952 1473 1046 1550 capnt
1069 1478 1100 1535 et
1123 1470 1262 1534 oxnnium

98 1554 359 1622 Christianorum
383 1562 506 1637 patrem
530 1573 567 1621 ac
590 1556 752 1622 doctorem
776 1557 926 1633 existere3
961 1565 993 1620 et
1026 1557 1088 1638 ipsi
1112 1558 1145 1620 in
1168 1557 1262 1623 beato

97 1643 202 1707 Petro
223 1645 381 1725 pascendi,
405 1643 536 1725 regendi
559 1662 596 1709 ac
619 1642 815 1725 gubernandi
846 1643 1054 1708 universalem
1087 1643 1263 1710 Ecclesiam

100 1749 124 1796 a
147 1731 283 1795 Domino
305 1737 413 1796 nostro
428 1730 506 1796 lesu
522 1729 649 1796 Christo
664 1730 792 1812 plenam
808 1735 999 1810 potestatem
1016 1731 1167 1797 traditam
1183 1749 1260 1796 esse.

212 1818 294 1883 Huic
322 1818 477 1899 pastorali
509 1818 632 1882 muneri
667 1824 703 1883 ut
725 1817 964 1898 satisfacerent,
995 1818 1263 1885 Praedecessores

99 1903 214 1969 Nostri
235 1905 424 1990 indefessam
446 1924 573 1988 semper
595 1923 724 1988 operam
740 1905 904 1985 dederunt,
929 1915 964 1971 ut
979 1907 1129 1972 salutaris
1145 1905 1262 1974 Christi

99 1992 249 2058 ‹loctnua
272 1994 355 2075 apud
379 2011 487 2058 omnes
507 2003 615 2058 terrae
629 1992 762 2075 populos
777 1999 1023 2076 propagaretur,
1039 1995 1169 2075 parique
1186 2012 1263 2059 cura
1382 2014 1386 2019 ·

101 2079 286 2161 vigilarunt,
310 2086 356 2160 ut,
380 2081 433 2145 ubi
457 2085 586 2161 recepta
608 2088 700 2159 esset,
725 2080 850 2145 sincera
872 2088 905 2145 et
920 2098 1001 2161 pura
1016 2088 1262 2146 conservaretur.

100 2167 262 2244 Quocirca
284 2169 382 2234 totius
401 2168 490 2233 orbis
513 2167 681 2232 Antistites
704 2185 787 2231 nunc
810 2167 942 2249 singuli,
966 2186 1050 2252 nunc
1072 2169 1105 2234 in
1129 2167 1262 2250 Synnadis

98 2257 304 2335 congregati,
339 2255 467 2338 longam
500 2253 718 2320 Ecclesiarum
749 2255 1012 2320 cousuetudinem
1045 2263 1079 2321 et
1113 2257 1262 2336 autiquae

100 2341 233 2421 regulae
254 2341 390 2408 formam
412 2347 591 2423 sequentes,
615 2361 654 2407 ea
675 2343 862 2423 praesertim
884 2343 1033 2423 pericula,
1057 2361 1139 2424 quae
1160 2343 1192 2406 in
1208 2360 1261 2407 ue-

96 2429 200 2510 gotiis
222 2428 296 2494 fidei
318 2429 532 2511 emergebant,
556 2429 598 2494 ad
618 2429 700 2494 hanc
715 2427 828 2494 Sedem
844 2429 1059 2510 Apostolicam
1074 2429 1261 2508 retulerunt,

101 2521 143 2581 ut
160 2516 208 2582 ibi
230 2517 427 2597 potissimum
452 2517 682 2583 resarcirentur
704 2516 819 2582 damna
842 2515 921 2596 fidei,
946 2517 999 2582 ubi
1022 2515 1100 2582 fides
1122 2534 1185 2582 nou
1207 2535 1264 2598 po-

100 2609 172 2669 test
194 2606 313 2669 sentire
336 2603 536 2685 delemur)
558 2605 691 2669 Romani
713 2611 819 2669 autem
842 2602 1023 2681 Pontifices,
1060 2609 1155 2686 prout
1184 2609 1262 2668 tem-

100 2709 217 2772 porum
241 2700 275 2756 et
297 2711 402 2757 rerum
418 2691 556 2757 conditio
573 2692 737 2771 suadebat,
761 2709 845 2756 nunc
860 2694 1041 2757 convocatis
1055 2691 1262 2758 oecumenicis

100 2777 254 2844 conciliis
277 2785 333 2846 aut
355 2786 469 2862 rogata
491 2779 654 2844 Ecclesiae
677 2798 735 2861 per
757 2779 864 2845 orbem
899 2779 1062 2862 dispersae
1094 2779 1263 2858 sententia,

99 2883 190 2929 nuuc
212 2884 270 2947 per
291 2866 435 2949 Synodos
457 2866 678 2950 particulares,
701 2884 785 2931 nunc
808 2865 893 2944 aliis,
918 2885 1000 2947 quae
1021 2867 1129 2932 diviua
1151 2883 1264 2947 suppe-

98 2952 231 3018 ditabat
252 2955 459 3036 prorideutia,
481 2953 632 3020 adhibitis
654 2953 794 3031 auxiliis,
826 2972 865 3018 ea
886 2955 1025 3026 tenenda
1047 2951 1262 3030 definiverunt,

94 3057 190 3122 *quae
213 3041 310 3106 sacris
332 3040 505 3122 Scripturis
528 3046 560 3106 et
582 3041 763 3123 apostolicis
784 3039 1019 3106 Traditionibus
1053 3046 1264 3122 consentanea

101 3128 190 3212 Deo
209 3128 353 3210 adjutore
388 3135 612 3210 cognoverant.
669 3129 779 3211 Neque
813 3129 894 3193 enim
917 3127 1005 3194 Petri
1027 3127 1263 3193 successoribus

95 3213 243 3296 Spiritus
266 3216 401 3282 Sanctus
423 3216 596 3298 promissus
620 3221 687 3294 cst,
705 3221 747 3280 -ut
770 3233 806 3280 eo
829 3214 991 3281 revelante
1012 3233 1125 3280 novam
1148 3215 1264 3280 doctri-

102 3321 180 3366 nam
204 3302 428 3385 patefacerent,
452 3303 507 3367 sed
531 3307 567 3367 ut
589 3322 626 3367 ao
649 3304 818 3378 assistente
839 3302 990 3368 traditam
1018 3321 1075 3384 per
1097 3302 1263 3384 Apostolos

99 3389 331 3455 revelationem
355 3408 412 3454 seu
435 3390 506 3454 fidei
530 3389 707 3471 depositum
729 3395 837 3455 sancte
859 3390 1053 3456 custodirent
1076 3393 1108 3452 et
1130 3388 1265 3453 fideliter

96 3484 310 3559 >exponerent
368 3476 508 3553 Quorum
547 3477 672 3559 quidem
706 3476 912 3558 apostolicam
952 3477 1124 3542 doctrinam
1155 3493 1264 3540 omues

99 3565 302 3630 venerabiles
324 3564 445 3629 Patres
461 3563 596 3645 amplexi
619 3569 652 3628 et
675 3564 775 3629 sancti
798 3564 950 3630 Doctores
981 3563 1146 3628 orthodoxi
1168 3580 1264 3628 vene-

100 3650 170 3716 rati
193 3656 288 3733 atque
311 3653 411 3716 secuti
433 3658 522 3728 sunt;
557 3651 737 3732 plenissime
760 3652 916 3732 seientes,
951 3651 1032 3717 hauc
1054 3651 1155 3732 saneti
1177 3647 1266 3714 Petri

90 3738 220 3803 Sedem
255 3738 295 3803 ab
318 3739 402 3804 omni
424 3757 547 3820 semper
571 3757 678 3803 errore
699 3737 853 3803 illibatam
876 3756 1071 3819 permanere,
1094 3737 1265 3804 secundum

101 3825 232 3891 Domini
265 3824 438 3891 salvatoris
473 3825 573 3891 nostri
596 3825 733 3890 divinam
756 3825 1016 3909 pollicitationem
1040 3825 1265 3906 discipulorum
1374 3881 1379 3883 ,

98 3986 317 3996 ...---.-.

217 4071 238 4140 1)
257 4068 302 4123 Ex
316 4069 438 4124 formula
457 4068 490 4123 s:
503 4067 664 4123 Hormisdae
682 4068 783 4136 Papae,
798 4075 880 4136 prout
890 4069 925 4122 ab
933 4067 1075 4122 Hadriano
1084 4067 1120 4126 Il.
1137 4067 1266 4122 Patribus

90 4139 218 4196 ›Concilii
236 4139 411 4194 Oecumeaioi
429 4139 512 4207 vul,
532 4137 826 4205 constantinopolitani
846 4138 900 4205 IV,
911 4137 1056 4206 proposita
1074 4145 1102 4193 et
1121 4137 1157 4192 ab
1169 4137 1264 4191 iisdem

91 4211 338 4344 *absmylmcgsg
357 4279 439 4337 Beru.
458 4277 547 4346 Epist.
567 4276 645 4331 CXC.
