2946 4942
615 358 655 404 ox
677 357 860 405 1111111111.
1255 342 1316 406 179

157 501 292 565 rationis
308 496 450 565 beneficii
473 497 575 562 curati
590 497 750 579 legitimas
766 501 982 562 assumantur:
1005 495 1138 578 simplex
1152 494 1318 561 fornicatio

157 589 292 666 notoria,
316 585 543 651 concubinatus
566 583 762 657 manifestus,
786 584 923 647 ebrietas
945 601 1003 647 nec
1025 601 1088 647 non
1112 583 1318 664 prodigalitas

157 675 380 756 incorrigibilis
403 679 498 753 atque
522 672 717 737 scandalosa.
752 671 876 736 Pariter
890 671 1034 752 petimus,
1058 676 1094 735 ut
1116 671 1320 752 permittatur

157 761 324 827 translatio
354 760 484 842 parochi
518 779 580 824 non
610 758 789 822 voluntaria
821 759 872 822 vel
894 758 1041 823 dimissio*
1069 777 1138 823 cum
1168 758 1319 839 pensione

159 868 312 930 congrua,
345 849 466 928 quoties
494 866 552 928 per
576 847 764 910 sententiam
795 846 860 910 sive
883 863 942 927 per
963 851 1038 909 vota
1059 844 1317 909 Examinatorum

157 935 414 1019 prosynodalium
450 935 641 1012 constiterit,
661 935 813 998 'eundem
849 933 891 998 ad
924 932 1096 1015 regendam
1134 932 1318 1014 parochiam

158 1042 221 1089 non
245 1024 380 1104 amplius
403 1040 472 1087 esse
495 1021 650 1087 idoneum.

718 1211 757 1275 X.

265 1353 397 1434 Propter
427 1353 578 1415 immensa
601 1350 756 1431 pericula,
791 1368 871 1430 quae
901 1370 958 1432 per
981 1357 1100 1416 sectam
1123 1357 1319 1416 muratarum

156 1441 329 1506 liberorum
353 1445 567 1519 nuncupatam
591 1437 733 1518 aliasque
756 1439 925 1502 societates
949 1444 1087 1503 secretas
1110 1440 1249 1518 quotidie
1272 1440 1320 1503 rei

158 1529 358 1594 Christianae
378 1535 541 1608 parantur,
574 1527 663 1589 enixe
694 1527 844 1606 petimus,
877 1531 914 1589 ut
938 1524 969 1592 S.
993 1525 1167 1590 Concilium
1193 1527 1323 1591 decreta

157 1624 270 1682 contra
303 1614 456 1696 ejusmodi
489 1613 657 1678 societates
688 1614 754 1692 jam
787 1613 909 1693 pridem
933 1613 1132 1693 promulgata
1166 1632 1321 1679 renovare

158 1722 303 1769 necnon
326 1700 494 1767 efficaciori
517 1700 608 1764 modo
632 1707 743 1765 contra
766 1700 892 1764 easdem
916 1701 1086 1781 procedere
1110 1700 1263 1780 dignetur.

266 1791 387 1855 Motiva
416 1806 538 1852 necnon
573 1787 724 1868 speciales
759 1788 1002 1869 postulationes,
1041 1806 1123 1869 quae
1160 1787 1200 1851 ad
1238 1789 1322 1854 hanc

156 1880 343 1960 petitionem
372 1877 546 1958 pertinent,
583 1877 614 1939 in
638 1875 744 1939 libello
773 1876 897 1957 adjecto
921 1878 979 1940 sub
1008 1876 1120 1940 titulo:
1159 1876 1246 1954 ,Qua
1268 1879 1321 1941 via

157 1966 303 2032 Ecclesia
326 1975 436 2029 contra
451 1963 619 2027 societates
643 1969 781 2026 secretas
796 1963 968 2042 procedere
990 1963 1098 2027 valeat
1113 1967 1190 2028 etc.“
1217 1964 1322 2029 satius

156 2058 367 2135 exponuntur.
414 2051 564 2126 Petimus,
587 2057 624 2113 nt
647 2068 684 2114 ex
699 2050 831 2130 adjectis
855 2048 1086 2129 exemplaribus
1109 2068 1206 2112 unum
1223 2049 1322 2116 Sano-

156 2142 281 2205 tissimo
316 2139 422 2218 Patri,
457 2143 527 2202 octo
550 2136 815 2202 Eminentissimis
847 2137 877 2203 S.
902 2134 1034 2201 Conoihi
1062 2136 1262 2203 Praesidihus
1286 2145 1319 2203 et

157 2227 343 2294 Secretariis
366 2224 580 2304 exhibeantur,
604 2230 790 2304 coeteraque
812 2224 896 2288 inter
919 2224 1059 2306 singulos
1080 2224 1190 2289 Patres
1213 2225 1323 2290 distri·

155 2315 306 2380 buantur.

264 2455 382 2518 Romae
407 2451 488 2517 Vlll.
511 2449 656 2516 Januarii
682 2454 775 2516 1870.

634 2720 844 2728 ..ῳ-η-

568 2902 602 2985 3.
644 2901 910 2985 1011111111

291 3061 611 3128 necemmsoorr
633 3061 688 3125 11
711 3060 1009 3127 1111010111
1031 3061 1186 3128 exten.

547 3236 619 3300 Emi
643 3254 680 3300 ao
701 3236 771 3299 Rriri
795 3236 935 3300 Domini!

265 3373 438 3440 Concilium
461 3376 682 3440 Tridentinum
710 3394 768 3457 pro
792 3373 1015 3441 reformatione
1043 3378 1156 3442 statuit
1178 3396 1216 3442 ea
1239 3396 1321 3457 quae

159 3468 299 3529 statuere
326 3470 452 3545 poterat
482 3469 603 3527 attenta
631 3470 807 3543 temporum
830 3466 1037 3542 necessitate3
1072 3484 1134 3530 non
1157 3469 1264 3530 autem
1289 3467 1318 3529 ei

160 3553 269 3617 datum
291 3549 352 3614 fuit
373 3550 503 3614 meliora
526 3556 559 3614 et
581 3549 770 3630 perfectiora
793 3551 1020 3630 praescribere.

263 3637 413 3719 Episcopi
435 3644 539 3702 autem
563 3636 663 3717 Belgii
686 3638 812 3702 decreta
835 3637 1050 3720 disciplinaris
1064 3639 1239 3704 Tridentini
1263 3639 1319 3703 ad-

158 3726 290 3808 implere
312 3727 415 3790 conati
439 3730 575 3803 suntet,
600 3724 667 3788 Deo
690 3726 902 3804 benedicente,
926 3727 1081 3805 quaedam
1104 3728 1144 3792 ad
1168 3727 1319 3808 majorem

158 3812 383 3894 perfectionem
402 3814 494 3894 juxta
516 3812 692 3876 Tridentini
715 3818 852 3876 mentem
874 3813 1098 3893 perduxerunt.
1144 3814 1226 3877 Hinc
1247 3831 1320 3894 per·

154 3901 325 3966 lectionem
348 3900 508 3964 inductam
532 3901 651 3979 etjam
675 3917 733 3963 usu
756 3898 913 3963 firmatam
937 3918 1120 3965 consecrare
1144 3903 1317 3981 cupientes,

153 3995 272 4068 petunt
295 3988 424 4051 decreta
440 3985 568 4052 Concilii
584 3988 730 4050 Vaticani
751 3986 799 4050 ita
822 3988 984 4064 conscribi,
1009 3995 1045 4051 ut
1067 3987 1144 4052 haec
1166 3986 1318 4068 perfectio

151 4093 218 4141 non
242 4075 444 4157 impediatur,
477 4075 540 4138 imo
570 4079 606 4137 ut
637 4073 788 4138 nonnulla
817 4074 1038 4139 universaliter
1062 4075 1320 4138 commendentur
1418 4106 1422 4114 «

149 4179 193 4228 ac
217 4163 463 4243 praecipiantur,
494 4167 530 4225 ut
553 4162 692 4225 breviter
713 4163 745 4225 in
768 4161 984 4240 sequentibus,
1016 4162 1135 4243 judicia
1158 4160 1319 4226 Ecclesia·

150 4251 259 4330 stica,
290 4247 416 4314 Clerum
447 4267 484 4313 ac
505 4250 575 4330 pias
604 4249 771 4314 nonnullas
795 4247 1063 4330 Congregationes
1091 4249 1320 4333 spectantibus,

148 4337 333 4418 exponitur.

1162 4440 1209 4493 12*
