2946 4942
556 321 596 366 nu
619 319 714 367 ausus
737 319 924 367 nocuimus.
962 301 966 312 '

554 614 588 696 8.
630 611 934 697 Posrhmmhu

150 787 270 861 douo
294 787 478 857 coucmu
505 786 680 854 rursum
703 787 762 852 nn
791 786 1077 854 socmmsmtm
1100 785 1320 891 seuerius.
1352 816 1355 822 -

267 949 357 1013 Inter
385 945 572 1026 gravissima
598 945 692 1028 hujus
716 946 831 1010 aetatis
861 944 944 1010 mala
967 946 1084 1010 eminet
1107 944 1319 1012 Socialismus.

157 1035 253 1121 Impii
284 1039 316 1100 et
344 1053 363 1098 a
395 1030 576 1098 Christiana
598 1033 734 1097 veritate
764 1032 971 1097 abhorrentes
1002 1050 1138 1110 errores,
1174 1033 1227 1114 qui
1255 1051 1319 1096 om·

157 1122 309 1205 plissimis
342 1119 443 1186 modis
480 1120 564 1184 inter
599 1119 741 1184 homines
780 1121 964 1201 quotidiana
1002 1138 1151 1184 manuum
1188 1138 1318 1185 suarum

156 1207 317 1295 industria
350 1208 532 1274 victitantes
571 1214 772 1289 sparguntur,
812 1215 877 1272 tam
915 1207 1117 1272 christianam
1155 1203 1249 1272 fidem
1285 1208 1319 1271 in
1441 1252 1443 1257 -

156 1314 334 1379 pauperum
379 1294 595 1377 operariorum
646 1295 805 1359 meutihus
858 1296 1055 1376 extinguere,
1106 1312 1199 1376 quam
1249 1295 1320 1358 uui-

157 1401 284 1465 versum
322 1381 520 1462 societatem,
558 1387 742 1463 rectumque
778 1381 924 1448 socialem
959 1380 1100 1447 ordinem
1134 1381 1317 1447 subvertere

157 1471 329 1537 minantur.

236 1654 243 1659 ,
264 1572 400 1641 Necesse
425 1592 499 1654 ergo
522 1591 652 1655 prorsus
675 1573 809 1653 videtur,
833 1580 869 1638 ut
892 1573 1101 1640 Oecumenica
1122 1573 1200 1638 haec
1221 1571 1319 1656 Syno-

159 1662 219 1727 dus
250 1661 453 1727 exsecrandis
486 1661 638 1743 ejusmodi
674 1661 832 1725 erroribus
864 1659 1052 1725 catholicam
1085 1661 1251 1724 veritatem
1285 1665 1318 1725 et

159 1748 290 1819 moralis
313 1749 476 1814 doctrinae
495 1749 653 1830 justitiam
676 1749 938 1829 sanctitatemque
961 1753 1117 1829 opponat;
1145 1752 1181 1812 ut
1204 1747 1317 1812 divites

157 1842 192 1903 et
217 1853 367 1919 proceres
398 1835 512 1900 doceat
544 1833 659 1915 officia,
693 1836 804 1915 quihus
834 1852 910 1916 erga
941 1852 1113 1916 pauperes
1145 1835 1315 1919 operarios,

147 1920 356 2004 >tumulosque
373 1921 631 2004 adstringuntur;
655 1927 687 1987 et
708 1921 855 2013 vicissim,
880 1939 961 2004 quae
981 1923 1044 1987 sint
1067 1923 1200 1986 istorum
1216 1919 1318 1988 officia

156 2029 236 2093 erge
249 2013 411 2092 patronos,
429 2027 544 2091 eosque
559 2009 672 2090 quibus
689 2026 837 2073 manuum
852 2026 978 2090 operam
994 2015 1169 2091 praestant.
1198 2009 1318 2090 Negari

158 2098 244 2167 enim
278 2097 400 2178 nequit,
438 2096 617 2161 divitiarum
650 2097 838 2179 praesertim
873 2095 1078 2178 cupiditatem
1113 2102 1143 2160 et
1173 2096 1316 2176 abusum,

157 2184 437 2266 operationumque
454 2184 639 2265 neglectum,
663 2183 927 2265 inhumanumque
949 2184 981 2248 in
1004 2202 1057 2250 eos
1075 2183 1230 2263 duritiem,
1255 2200 1318 2264 qua

145 2272 305 2354 quintum
328 2276 361 2337 et
384 2271 553 2352 septimum
574 2270 697 2336 divinae
719 2270 798 2352 legis
814 2276 1016 2353 praeceptum
1038 2271 1158 2336 latente
1181 2270 1317 2353 quodam

156 2359 251 2427 modo
268 2357 459 2509 fsaepissime
481 2357 628 2438 violatur,
653 2356 827 2424 Socialismi
849 2376 981 2439 errores
1004 2363 1197 2441 conatusque
1221 2356 1318 2440 pluri-

155 2465 245 2511 mum
281 2463 383 2511 overe.

264 2548 382 2615 Omnes
409 2549 504 2614 etiam
536 2549 639 2615 honae
670 2548 843 2615 voluntatis
875 2549 1016 2615 homiues
1046 2549 1086 2617 ab
1109 2548 1317 2621 oecumenica

155 2636 285 2720 Synodo
301 2642 495 2717 exspectant,
512 2637 774 2718 vehementerque
790 2635 980 2716 desiderant,
1004 2643 1040 2702 ut
1055 2644 1143 2703 recta
1158 2642 1190 2702 et
1205 2640 1316 2707 sancta

156 2723 284 2791 socialis
306 2723 426 2789 ordinis
441 2724 595 2807 principia
609 2725 770 2808 praedicet
792 2731 825 2788 et
847 2729 990 2803 tuentum
1015 2729 1046 2789 et
1069 2724 1207 2806 religiosi
1227 2741 1317 2806 prce·

156 2812 269 2879 sertim
293 2812 430 2892 operarii
458 2811 500 2876 ad
522 2812 609 2894 piam
639 2818 771 2877 matrem
799 2809 972 2877 Ecclesiam
1003 2811 1110 2877 oculos
1144 2829 1317 2895 manusque

156 2899 280 2978 lerant,
314 2904 352 2964 ut
374 2897 564 2964 christianae
594 2897 757 2965 charitatis
780 2908 812 2962 et
831 2897 976 2978 justitiae
1003 2899 1091 2980 leges
1123 2899 1155 2963 iu
1178 2900 1317 2971 omniurn

156 2987 319 3059 mesdeus
340 2985 517 3066 resuscitet,
541 2990 575 3055 et
596 2985 631 3051 iu
652 2984 806 3052 societate
829 2987 985 3053 restituat.

264 3089 368 3167 Quum
397 3107 474 3155 vero
500 3089 533 3153 in
561 3088 662 3154 indice
690 3089 899 3170 schematum,
931 3108 1012 3172 quae
1044 3109 1063 3156 a
1093 3089 1248 3171 theologis
1283 3095 1315 3154 et

157 3177 365 3243 ecclesiastici
384 3177 465 3259 juris
489 3176 641 3241 consultis
664 3183 856 3259 praeparata
876 3177 1014 3257 fuerunt,
1037 3177 1158 3242 nullum
1181 3177 1316 3258 reperia-

147 3269 217 3344 tur,
241 3264 326 3344 quod
349 3264 390 3329 de
411 3262 474 3328 illis
488 3263 661 3345 principiis,
684 3265 881 3344 veritatibus,
905 3266 1085 3347 mutuisque
1099 3264 1209 3332 officiis
1231 3266 1315 3345 agat,

154 3351 229 3418 hinc
252 3351 422 3432 subscripti
438 3350 548 3416 Patres
571 3349 745 3417 humillime
767 3353 985 3433 instanterque
1000 3358 1121 3434 petunt,
1145 3357 1180 3418 ut
1201 3353 1235 3418 iu
1256 3351 1316 3424 hoe

155 3437 257 3504 Sacro
289 3437 498 3504 Oecumenico
521 3436 661 3505 Concilio
682 3439 882 3523 ⁴gravissima
904 3440 967 3504 ista
996 3446 1029 3506 et
1060 3439 1238 3506 necessaria
1265 3457 1315 3503 res

139 3531 336 3608 -opportuue
358 3529 563 3606 proponatur.

263 3649 382 3714 Romae
405 3647 457 3714 die
482 3653 532 3714 11.
556 3646 664 3714 Martii
688 3652 782 3715 18⁷0.

257 3802 344 3868 Huic
363 3801 576 3884 postulationi
598 3805 858 3885 subscripserant
879 3810 900 3871 8
925 3805 1062 3873 Concitet
1084 3803 1211 3872 Patres.

631 4079 840 4089 -u-————--

631 4092 840 4102 -α--ι--α
