2946 4942
49 320 53 331 ’
151 320 192 380 92
644 330 813 378 rosrunnrl

151 472 277 553 plenam
293 474 486 551 potestatem
500 469 651 534 traditam
667 487 746 549 esse,
770 468 1033 550 quemadmodum
1055 469 1088 533 in
1104 467 1203 550 gestis
1219 486 1310 534 oecu-

151 559 343 709 nllrenimtn
360 557 569 622 Conciliorum
593 557 679 621 etin
703 557 803 621 sacris
819 553 1001 620 Canonibus
1024 557 1213 634 continetur,
1236 573 1311 619 ana·

151 651 166 710 t
190 664 259 711 ema
282 664 333 710 sr.

258 753 288 813 2.
311 748 437 829 Siquis
461 748 576 814 dixerit
598 748 739 814 Romano
754 745 900 812 Pontifici
922 748 1074 812 traditam
1098 764 1168 812 esse
1183 746 1310 828 plenam

151 841 341 918 potestatem
364 835 496 917 regendi
519 842 551 900 et
574 836 783 917 gubernandi,
808 853 870 899 non
887 840 994 899 autem
1012 834 1145 916 pteram
1169 838 1310 914 potesta·

152 930 215 988 tem
234 922 388 1003 poscendi
418 941 475 987 seu
498 922 631 988 docendi
642 924 665 1005 ¹)
695 921 905 987 universalem
935 921 1123 1000 Ecclesiam,
1155 937 1256 1003 agnos
1278 925 1311 985 et

112 1036 116 1043 ·
152 1029 235 1091 oves,
258 1010 366 1075 fideles
389 1010 511 1076 scilicet
534 1015 567 1074 et
589 1017 743 1092 pastores,
769 1009 941 1074 anathema
964 1009 1015 1074 sit.

260 1122 287 1178 3.
311 1114 344 1178 Si
360 1115 413 1193 qui
437 1113 551 1179 dixerit
570 1114 745 1179 Romanum
767 1111 960 1192 Pontificem,
987 1112 1074 1177 Petri
1090 1110 1311 1177 Successorem

153 1207 186 1266 et
207 1202 334 1266 unicum
356 1200 517 1266 Ecclesiae
548 1207 641 1282 caput
663 1201 783 1266 habere
809 1200 936 1281 quidem
966 1201 1000 1264 in
1022 1197 1167 1264 Ecclesia
1183 1199 1311 1279 primu

152 1295 218 1352 tom
236 1288 490 1370 jurisdictionis,
523 1307 585 1353 nou
617 1296 724 1354 autem
747 1307 929 1368 supremam
955 1291 1145 1367 potestatem
1167 1283 1311 1364 docendi,

152 1376 282 1455 regendi
304 1380 337 1439 et
359 1374 557 1456 gubernandi
572 1376 757 1454 Ecclesiam,
782 1375 912 1455 perinde
934 1375 1019 1438 acsi
1041 1373 1197 1455 primatus
1216 1371 1312 1454 iuris-

152 1463 312 1541 dictioniS,
342 1480 400 1526 ceu
426 1462 622 1539 „Poteatotr'e
647 1463 883 1543 perpepetue,
917 1468 952 1525 ut
974 1461 1115 1543 loquitur
1137 1457 1312 1525 Concilium

152 1549 299 1614 Lateran.
316 1549 379 1629 IV,
402 1549 443 1614 ab
466 1549 535 1632 ipsa
550 1569 702 1631 supremo
720 1554 875 1629 potestate
891 1548 1042 1631 distingui
1056 1547 1218 1626 valeret,²)
1237 1563 1312 1611 ana·

153 1636 258 1700 thema
281 1637 333 1701 sit.

259 1746 289 1804 4.
314 1740 348 1804 Si
370 1741 439 1820 quis
463 1741 577 1806 dixerit
599 1741 680 1806 hanc
703 1760 883 1824 supremam
906 1746 1096 1821 potestatem
1117 1739 1151 1803 in
1171 1738 1313 1803 Romano

153 1827 303 1893 Pontifice
318 1845 381 1892 non
404 1845 474 1892 esse
486 1828 628 1909 pteram,
652 1834 689 1893 ut
704 1847 774 1892 earn
789 1834 881 1893 vocat
897 1826 1071 1894 Concilium
1087 1825 1313 1905 Florentinum,

152 1915 209 1980 sed
231 1915 341 1995 ipsam,
375 1936 439 1996 pua
460 1935 610 1996 suprema
634 1921 691 1993 est,
721 1914 933 1980 DIVISAM
951 1933 1019 1979 esse
1040 1915 1125 1978 inter
1148 1911 1313 1977 Summum

153 2000 337 2068 Pontificem
352 2007 384 2067 et
404 2002 587 2083 Episcopos,
613 2003 704 2084 quasi
720 2001 870 2084 Episcopi
892 2004 925 2068 in
948 2009 1072 2083 partem
1095 1998 1313 2064 sollicitudinis

152 2090 265 2169 vocati,
290 2108 347 2155 ceu
370 2107 389 2152 a
412 2088 531 2169 Spiritu
548 2090 663 2155 Sancto
686 2091 780 2172 positi
803 2090 845 2154 ad
859 2089 1038 2155 Ecclesiam
1061 2087 1121 2153 Dei
1140 2085 1315 2151 docendam

151 2182 185 2241 et
219 2177 390 2258 regendam
422 2176 480 2240 sub
510 2176 600 2240 unico
631 2175 760 2242 Summo
789 2178 888 2241 totius
919 2177 1009 2242 ovilis
1036 2177 1184 2253 Pastore,
1215 2173 1312 2239 etiam

154 2264 303 2328 divinitus
327 2264 433 2328 vocati
454 2263 570 2328 luerint
592 2264 633 2327 ad
655 2264 930 2346 participationem
946 2265 1101 2344 primatus
1124 2279 1182 2327 seu
1204 2276 1314 2342 supre-

155 2369 224 2416 mae
245 2351 414 2432 potestatis
437 2352 536 2416 totius
559 2349 719 2416 Ecclesiae
743 2351 865 2432 capitis,
890 2351 1061 2415 anathema
1083 2349 1135 2415 sit.
1148 2348 1174 2431 8)

260 2459 290 2519 5.
325 2453 357 2521 Si
391 2455 461 2536 quis
504 2455 618 2519 dixerit
658 2474 838 2539 supremam
878 2459 1071 2537 potestatem
1103 2453 1136 2517 iu
1169 2450 1315 2519 Ecclesia

153 2562 173 2608 a
209 2541 334 2607 Christo
370 2543 574 2607 constitutam
608 2561 671 2607 uon
699 2543 837 2607 residere
865 2545 897 2607 in
930 2541 1030 2607 totius
1064 2538 1224 2604 Ecclesiae
1261 2558 1314 2604 ca-

154 2630 230 2708 pite,
255 2629 312 2693 sed
341 2628 373 2692 iu
402 2646 517 2709 magna
547 2628 729 2711 pluralitate
752 2629 988 2711 Episcoporum,
1003 2627 1030 2711 4)
1058 2627 1149 2708 quasi
1169 2644 1234 2690 uon
1257 2625 1315 2692 soli

155 2716 248 2781 Petro
272 2715 387 2780 dixerit
410 2715 578 2781 Dominus:
613 2718 680 2796 „Tu
703 2735 736 2782 es
759 2717 884 2796 Petrus,
914 2722 946 2780 et
970 2733 1065 2796 super
1087 2714 1168 2778 hanc
1191 2718 1315 2795 petram

154 2802 327 2869 aedificabo
359 2801 536 2872 Ecclesiam
565 2822 684 2883 meam,
719 2809 751 2869 et
785 2810 894 2885 portae
928 2801 1021 2867 inferi
1055 2820 1117 2867 nou
1150 2800 1316 2882 praevale·

154 2891 235 3041 blpnt
259 2890 408 2955 adversus
431 2909 509 2970 earn,
533 2895 566 2956 et
587 2891 647 2955 tibi
669 2890 751 2956 dabo
775 2891 879 2956 claves
903 2890 994 2973 regni
1017 2880 1215 2967 Coelorum“,
1239 2908 1315 2955 ana·

155 2982 262 3042 terna
285 2977 336 3044 sit.

261 3086 290 3149 6.
324 3079 455 3164 Siquis
489 3081 604 3147 dixemt
635 3089 746 3147 contra
775 3081 999 3163 professionem
1026 3079 1101 3145 fidei
1132 3076 1314 3145 aOoucilio

153 3170 356 3234 oecumenico
390 3168 527 3235 secundo
555 3169 759 3251 Lugdunensi
794 3174 991 3252 acceptatam
1020 3175 1053 3233 et
1087 3163 1316 3245 confirmatam,

155 3257 289 3320 Romani
311 3255 473 3322 Pontificis
506 3255 704 3322 Successoris
736 3254 773 3319 Β.
797 3255 884 3322 Petri
912 3254 1061 3338 principis
1091 3252 1317 3336 Apostolorum

148 3342 270 3426 judicio
287 3342 415 3422 definiri
437 3362 499 3408 nou
514 3343 630 3408 debere
646 3344 845 3424 quaestiones
869 3343 908 3408 de
924 3341 995 3422 fide,
1019 3343 1047 3407 si
1069 3359 1151 3422 quae
1165 3342 1315 3407 subortae

155 3430 286 3508 fuerint3
318 3430 481 3512 eidemque
501 3430 620 3513 judicio
649 3447 757 3494 omnes
780 3429 940 3496 Ecclesiae
971 3449 1034 3494 non
1064 3446 1134 3494 esse
1156 3428 1317 3510 subjectas

154 3518 206 3582 rel
228 3518 370 3601 ipsarum
384 3516 547 3600 praelatos
569 3516 779 3584 obedientiam
800 3536 840 3585 ae
861 3517 1071 3584 reverentiam
1093 3515 1232 3581 illidere
1254 3533 1317 3581 non

156 3604 281 3684 debere,
304 3604 474 3671 anathema
496 3605 548 3671 sit.

264 3828 285 3899 ¹)
303 3829 436 3885 Memoire
464 3830 566 3885 soumis
593 3845 630 3885 au
656 3830 790 3899 prochain
817 3828 925 3885 concile
954 3828 990 3884 du
1013 3827 1143 3895 Vaticun,
1168 3842 1220 3895 per
1242 3826 1316 3895 mgr.

156 3898 442 4035 Mmt'ffiffoiflee
457 3899 571 4038 ἓοΰιιῐιῗιὶε,
590 3977 642 4025 ete.
659 3977 690 4025 ut
707 3984 799 4037 supra.
1072 4038 1078 4050 ι
1133 4037 1139 4048 ¹
1298 4037 1304 4049 .

264 4042 289 4107 ⁸)
307 4040 377 4099 lbid.
394 4044 494 4094 contro
510 4044 579 4093 scat.
597 4039 623 4092 d.
644 4038 775 4094 utum:
794 4038 887 4107 „Papa
904 4037 989 4093 habet
1006 4035 1204 4105 plenitudinem
1221 4036 1316 4091 Ponti·

155 4105 245 4162 ticalis
258 4107 416 4178 Potestatis,
435 4110 514 4178 quasi
527 4110 588 4164 Rex
606 4109 634 4163 in
647 4125 750 4178 regno;
769 4107 818 4163 sed
830 4108 962 4177 Episcopi
974 4114 1150 4163 assumuntur
1169 4107 1197 4160 in
1229 4112 1316 4161 ortem

157 4175 358 4246 sollicitudinis,
377 4180 456 4248 quasi
474 4179 586 4235 Judices
610 4178 724 4248 singulis
744 4179 897 4234 civitatibus
921 4176 1099 4246 praeposuit
1136 4175 1177 4243 tS.
1220 4176 1316 4231 homae

155 4262 183 4314 q·
203 4248 246 4300 26⁸
265 4247 440 4384 ξῐῇαῗῇζοίω
458 4318 569 4385 soumis,
588 4325 641 4373 etc.
