2946 4942
548 326 588 372 nn
610 324 706 373 ausus
729 324 919 374 mmunrrcrs.
1272 311 1315 372 85

152 464 314 528 reatinum
330 480 464 545 quoqne,
489 463 579 545 cujus
594 480 633 528 ea
648 463 687 527 de
703 481 739 528 re
753 462 914 527 decretum
935 462 969 526 in
984 463 1105 528 cunctis
1121 463 1315 547 singulisque

152 568 193 615 eo
216 550 358 615 sanctius
381 555 585 615 conservetur
608 556 750 632 oportet,
780 549 928 631 quoniam
951 548 1113 616 Ecclesiae
1140 550 1259 617 latinae
1281 558 1316 617 et

152 655 289 716 graecae
311 654 465 702 consensu
488 637 661 702 stabilitum
684 643 743 716 est,
768 643 864 718 atque
887 637 914 701 si
928 635 1081 702 Dominus
1097 638 1139 703 ad
1161 638 1314 705 orientem

152 730 203 790 tot
225 724 318 788 malis
340 742 525 805 oppressum
547 725 779 790 misericordiae
809 741 886 788 suae
908 724 1016 789 oculos
1039 729 1224 791 convertere
1247 726 1315 808 dig·

152 816 259 890 netur,
284 811 408 876 unionis
430 813 647 877 restituendae
678 810 916 876 fundamentum
940 811 1010 875 erit.
1055 810 1198 892 Accedit,
1230 813 1316 894 quod

151 898 213 964 hac
236 903 428 979 tempestate
449 899 610 964 Ecclesiae
632 900 783 965 adversus
806 914 877 976 eos,
908 899 961 979 qui
984 898 1017 962 in
1039 899 1223 982 religionem
1245 905 1316 965 tan·

152 1004 249 1067 quam
272 992 481 1051 commentum
514 986 651 1052 humano
681 987 789 1069 generi
819 985 945 1050 exitiale
969 992 1176 1069 consurgunt,
1209 1005 1314 1068 pugna

152 1073 341 1138 sustinenda
363 1073 406 1137 sit
427 1090 510 1138 nova
533 1079 566 1138 et
588 1093 608 1139 a
631 1072 767 1139 saeculis
789 1071 948 1138 inaudita:
972 1078 1165 1154 quapropter
1187 1075 1314 1138 minime

152 1159 332 1225 consultum
347 1159 473 1225 videtur
487 1161 612 1242 populis
629 1161 790 1227 catholicis
813 1165 862 1225 tot
876 1160 1015 1241 undique
1031 1160 1313 1226 machinationibus

151 1248 415 1313 intentationem
442 1247 578 1313 inductis
608 1249 741 1329 majora,
772 1265 867 1328 quam
898 1246 1012 1312 Patres
1034 1247 1224 1328 Tridentini,
1256 1249 1314 1312 im-

151 1351 278 1415 ponere.
383 1400 388 1409 ,

257 1443 406 1512 Ceterum
429 1454 524 1528 prout
552 1467 621 1513 curri
650 1449 736 1512 omni
759 1447 901 1512 Ecclesia
925 1445 1080 1512 catholica
1101 1447 1311 1513 Bellarminus

151 1530 284 1599 effatur:
324 1532 540 1613 ,definitiones
564 1535 602 1600 de
631 1533 693 1599 fide
716 1535 855 1616 pendent
886 1534 1055 1615 praecipue
1079 1553 1117 1598 ex
1139 1535 1311 1601 traditione

152 1621 328 1701 apostolica
349 1626 383 1686 et
412 1640 568 1687 consensu
590 1621 821 1687 Ecclesiarum“
848 1626 881 1685 ct
903 1622 1046 1702 quamvis
1069 1620 1110 1686 ad
1133 1624 1231 1687 totius
1254 1623 1312 1687 Ec-

152 1707 266 1773 clesiae
276 1709 466 1773 sententiam
479 1709 726 1790 cognoscendam
739 1708 882 1791 Synodus
895 1708 1081 1773 universalis
1095 1709 1312 1774 brevissimam

151 1799 276 1859 sternat
296 1797 389 1874 mam,
412 1800 518 1861 tamen
542 1816 562 1860 a
584 1796 775 1861 nobilissimo
796 1793 946 1876 Concilio,
970 1796 1054 1876 quod
1076 1796 1218 1877 Apostoli
1241 1815 1311 1862 cum

151 1882 328 1948 senioribus
363 1882 588 1966 Hierosolymis
623 1884 818 1962 habuerunt,
854 1881 1025 1947 Nicaennm
1056 1901 1154 1965 usque
1186 1902 1311 1949 errores

151 1969 309 2034 innumeri
340 1969 555 2036 Ecclesiarnm
587 1970 824 2052 particularium
851 1969 977 2051 judiciis
1009 1969 1129 2034 Summi
1152 1968 1311 2036 Pontificis

152 2060 182 2118 et
212 2056 312 2121 totius
344 2056 506 2122 Ecclesiae
537 2076 692 2123 consensu
725 2057 910 2139 adprobatis
940 2057 1096 2138 profligati
1126 2065 1159 2122 et
1182 2059 1308 2124 extinct'

151 2147 242 2207 sunt·
288 2144 457 2209 indubium
485 2151 548 2225 est,
580 2146 664 2227 quod
695 2163 802 2210 omnes
825 2144 943 2209 Christi
975 2142 1083 2209 fideles
1114 2143 1203 2210 Sedis
1226 2146 1311 2227 Apo·

151 2229 281 2295 stolicae
304 2231 440 2297 decretis
471 2251 578 2298 voram
601 2232 815 2298 obedientiam
844 2231 989 2297 debeant.
1040 2232 1173 2313 Insuper
1196 2234 1310 2299 eruditi

150 2317 255 2399 piique
277 2319 336 2383 viri
359 2319 491 2385 docent:
516 2338 597 2400 quae
614 2319 645 2385 S.
661 2320 748 2385 Petri
772 2319 940 2384 Successor
964 2318 1003 2382 de
1026 2316 1089 2383 fide
1110 2320 1310 2401 moribusque

150 2423 188 2469 cx
211 2404 365 2471 cathedra
387 2405 519 2488 loquens
544 2408 724 2487 constituat,
749 2407 844 2471 etiam
867 2406 986 2487 absque
1001 2404 1213 2471 Ecclesiarum
1237 2426 1309 2472 con·

150 2509 245 2557 sensu
269 2495 559 2575 quomodocumque
575 2495 790 2560 demonstrato
806 2492 1024 2573 irrefragibilia
1047 2510 1125 2558 esse.
1159 2494 1309 2559 Attamen

150 2578 275 2645 silentio
300 2599 444 2661 premere
474 2582 648 2663 nonlicet,
678 2600 791 2665 graves
813 2578 1013 2645 nihilominus
1038 2596 1204 2662 superesse
1226 2578 1306 2646 diffi-

150 2665 285 2732 cultates
308 2687 347 2731 ex
360 2668 490 2733 Petrum
508 2668 669 2734 Ecclesiae
693 2668 782 2734 dictis
799 2668 968 2750 gestisque,
991 2668 1136 2749 genuinis
1158 2666 1310 2734 historiae

149 2752 347 2821 documentis
369 2761 404 2820 et
426 2757 496 2838 ipsa
520 2756 663 2822 doctrina
678 2755 835 2821 catholica
858 2760 977 2835 enatus,
1001 2772 1081 2836 quae
1103 2754 1165 2820 nisi
1186 2756 1309 2837 penitus

149 2840 273 2907 solutae
295 2840 424 2922 fuerint,
456 2862 657 2925 nequaquam
679 2842 747 2909 fieri
769 2846 885 2925 posset,
916 2848 952 2908 ut
975 2841 1117 2908 doctrina
1139 2843 1309 2925 praedictis

148 2927 263 2995 litteris
288 2930 509 2996 commendata
530 2931 646 3014 populo
670 2930 841 2997 christiano
864 2936 1016 3011 tanquam
1038 2947 1058 2994 a
1079 2929 1147 2993 Deo
1170 2928 1310 2996 revelata

148 3021 387 3098 proponeretur.
433 3017 549 3083 Verum
581 3020 621 3085 ab
643 3018 731 3083 hisce
759 3018 962 3083 discutiendis
993 3016 1111 3099 refugit
1133 3018 1254 3081 animus
1277 3025 1309 3082 et

149 3119 187 3169 ne
209 3104 364 3186 ejusmodi
395 3105 655 3171 deliberationum
680 3106 854 3171 necessitas
876 3105 966 3170 nobis
991 3104 1182 3185 imponatur,
1212 3104 1309 3169 bene·

149 3190 308 3257 volentiae
330 3191 418 3257 Tuae
443 3191 636 3287 confidentes
659 3192 848 3275 flagitamus.
970 3250 979 3263 .

252 3312 427 3380 Praeterea
451 3334 523 3380 cum
545 3315 630 3381 inter
655 3316 796 3397 potiores
820 3314 964 3380 nationes
987 3312 1158 3379 catholicas
1178 3331 1309 3380 munere

150 3400 321 3482 episcopali
342 3400 513 3484 fungimur,
537 3422 644 3467 rerum
668 3402 753 3484 apud
785 3419 840 3467 eas
863 3406 981 3467 statum
1003 3401 1185 3483 quotidiano
1208 3403 1309 3467 nosci-

149 3503 216 3553 mus
240 3507 320 3569 usn;
350 3490 440 3554 nobis
464 3495 571 3554 autem
594 3494 727 3569 constat,
758 3487 986 3570 definitionem,
1015 3507 1096 3570 quae
1116 3486 1307 3571 postulatur,

148 3573 307 3657 religionis
330 3576 463 3642 inimicis
487 3594 568 3642 nova
591 3576 864 3659 suppeditaturum
887 3594 978 3641 arma
1001 3576 1042 3641 ad
1064 3576 1111 3640 rei
1135 3574 1307 3641 catholicae

148 3662 243 3727 etiam
265 3662 352 3745 apud
367 3663 507 3729 melioris
530 3672 624 3730 notae
639 3665 725 3729 viros
747 3662 899 3729 invidiam
914 3662 1142 3741 concitandam,
1165 3663 1307 3743 certique

149 3764 254 3814 sumus
290 3768 357 3814 rem
384 3751 417 3814 in
440 3749 571 3833 Europa
600 3750 714 3816 saltem
743 3751 907 3833 regionum
933 3756 1113 3815 nostrarum
1146 3749 1307 3832 guberniis

148 3852 255 3989 anszrin
277 3838 493 3918 praebituram
524 3840 590 3905 sive
612 3843 813 3920 praetextum
842 3839 874 3903 in
901 3840 975 3921 jura
998 3837 1158 3903 Ecclesiae
1180 3836 1306 3902 residua

147 3920 196 3988 inv
239 3924 323 3990 endi.

250 4036 340 4104 Haec
362 4036 532 4104 Sanctitati
553 4039 640 4104 Tuae
667 4056 720 4119 ea,
755 4057 851 4121 quam
880 4039 1036 4105 communi
1058 4036 1197 4101 fidelium
1220 4038 1306 4118 patri

149 4121 311 4204 debemus,
342 4126 524 4192 sinceritate
554 4126 753 4209 exposuimus
775 4131 809 4191 et
830 4126 912 4206 Tuo,
943 4142 1123 4207 precamur,
1154 4124 1305 4191 mandato

150 4204 209 4291 fiat,
232 4217 270 4276 ut
293 4211 445 4294 doarina,
469 4214 559 4297 cujm
580 4214 776 4281 sanctionem
797 4217 922 4294 petunt,
944 4210 1085 4278 concilio
1107 4212 1305 4279 oecumenico

144 4294 343 4365 *discutienda
364 4299 452 4367 haud
477 4308 680 4384 proponatur.
