2946 4942
197 324 259 383 144
554 336 712 384 sesamum
735 336 993 384 consrrrumouum

196 477 346 541 mandent
367 483 402 539 ut
425 495 444 552 a
467 475 619 541 similibus
642 476 854 557 inposterum
876 476 1067 542 abstineant.
1107 475 1240 542 Omnem
1264 495 1354 558 prae·

195 571 284 628 terea
315 563 437 627 dabunt
468 581 594 643 operam
629 569 665 627 ut
692 581 773 644 quae
801 570 869 628 tum
900 562 1081 628 aconcilio
1103 563 1291 629 Tridentino
1321 565 1355 627 in

196 649 332 716 Decreto
363 651 402 714 de
430 650 634 716 observandis
666 656 698 715 et
721 651 874 715 evitandis
904 654 936 715 in
959 650 1170 716 celebratione
1194 653 1321 730 Missae,
1330 653 1354 734 ¹)

195 747 263 803 tum
287 756 307 802 a
329 756 390 804 rec.
417 756 477 802 me.
500 737 674 803 Benedicto
697 737 779 805 XIV.
809 737 1054 803 Praedecessore
1083 738 1199 802 Nostro
1231 736 1357 804 Consti-

197 827 318 891 tutione
342 826 391 889 cui
413 826 538 889 initium
562 825 691 905 Quanta
713 827 827 907 carol)
855 827 975 890 sancita
997 833 1072 892 sunt
1099 844 1189 890 suum
1213 827 1356 891 debitum

198 917 430 993 consequantur
452 909 609 991 effectum,
637 930 739 993 neque
762 912 856 977 ullius
879 912 1000 992 fraude,
1024 913 1156 993 malitia,
1180 913 1357 994 cupiditate

196 1000 417 1080 impediantur.

301 1086 415 1161 Parem
431 1087 566 1167 denique
587 1104 695 1150 curam
713 1085 885 1151 adhibeant
907 1095 942 1151 ut
957 1087 1038 1153 aliae
1053 1103 1272 1169 quaecumque
1287 1088 1357 1168 piae

198 1175 418 1256 dispositiones
448 1175 569 1238 tamin
598 1173 711 1238 ultima
741 1173 903 1238 voluntate
932 1193 1026 1255 quam
1048 1176 1130 1240 inter
1158 1176 1247 1240 vivos
1268 1175 1358 1256 juxta

197 1279 358 1327 sacrorum
387 1259 586 1344 Canonum⁸l
622 1267 655 1325 et
691 1260 821 1325 Consilii
852 1261 1061 1340 Tridentini4)
1091 1263 1359 1344 praescriptiones

197 1354 301 1414 sartae
325 1353 488 1428 tectaeque
510 1354 664 1429 perpetuo
687 1349 810 1413 sintae
833 1347 968 1414 fideliter
989 1349 1189 1431 impleantur.

647 1574 681 1656 s.
724 1572 910 1656 sessus

416 1733 483 1796 DE>
510 1731 718 1808 TITULIS
752 1731 1138 1798 ORDINATIONIS.

304 1872 386 1949 Quia
420 1873 509 1937 bonis
543 1873 608 1936 suis
643 1871 868 1951 temporalibus
902 1870 1047 1936 Ecclesia
1080 1873 1188 1937 multis
1221 1873 1253 1936 in
1284 1872 1361 1937 locis

199 1958 312 2022 misere
335 1957 472 2041 spoliata
495 1960 614 2038 exist,
649 1959 732 2022 unde
754 1956 789 2022 fit
811 1966 847 2022 ut
876 1958 1029 2024 beneficia
1052 1978 1109 2040 pro
1132 1959 1224 2025 titulo
1248 1977 1361 2024 sacrae

200 2044 416 2111 Ordinationis
446 2046 632 2126 plerumque
660 2044 822 2125 deficiant,
856 2052 888 2110 et
910 2064 1005 2126 saepe
1035 2046 1132 2111 etiam
1164 2046 1245 2111 alius
1269 2047 1361 2111 deest

200 2133 300 2196 sacris
324 2130 504 2198 Canonibus
527 2134 679 2212 probatus
703 2134 824 2210 titulus,
856 2152 917 2213 quo
942 2140 1091 2199 caveatur
1115 2135 1230 2214 nequi
1254 2134 1363 2198 divino

200 2219 373 2284 ministerio
397 2219 548 2300 adscripti
579 2227 653 2285 sunt
676 2237 745 2283 cum
777 2221 895 2284 ordinis
920 2219 1072 2286 dedecore
1100 2221 1281 2285 mendicare
1305 2226 1366 2285 aut

199 2306 360 2370 sordidum
384 2305 519 2387 aliquem
542 2298 708 2387 quaestum
724 2326 868 2372 exercere
885 2315 1053 2388 cogantur3
1074 2309 1190 2373 idcirco
1214 2308 1364 2374 ecclesia·

200 2394 295 2459 sticas
311 2394 370 2458 hac
386 2412 480 2475 super
502 2413 537 2459 re
553 2397 732 2460 sanctiones
748 2402 935 2475 temperare,
952 2402 984 2460 et
999 2396 1039 2460 ad
1054 2401 1239 2476 praesentes
1254 2413 1362 2460 rerum

199 2500 236 2546 ac
269 2487 447 2563 temporum
479 2483 730 2547 circumstantias
769 2483 1005 2547 accommodare
1041 2500 1170 2548 neeesse
1206 2483 1361 2546 ducimus.

200 2569 326 2649 Itaque,
358 2586 448 2632 sacro
472 2569 668 2650 approbante
692 2569 847 2649 Concilio,
882 2569 1094 2649 decernimus,
1129 2577 1165 2634 ut
1187 2570 1219 2634 in
1248 2569 1363 2650 quibus

201 2655 404 2721 Dioeeesibus
428 2673 528 2735 neque
551 2653 708 2721 sufficiens
730 2656 951 2722 beneficiorum
974 2662 1030 2721 aut
1052 2657 1237 2738 pensionum
1261 2656 1363 2723 eccle-

202 2744 401 2808 siasticarum
424 2761 573 2807 numerus
597 2750 663 2822 est,
692 2762 793 2824 neque
816 2744 998 2824 patrimonii
1020 2744 1132 2809 titulus
1155 2745 1289 2808 servatis
1313 2762 1364 2808 sa-

203 2847 328 2895 crorum
344 2829 505 2894 Canonum
528 2831 828 2911 praescriptionibus
851 2832 1001 2896 constitui
1023 2836 1139 2912 potest,
1162 2830 1256 2895 liceat
1270 2831 1364 2911 Epis·

205 2917 290 2998 copis
324 2934 378 2980 eos
410 2934 488 2997 quos
517 2935 574 2999 pro
605 2918 796 2983 necessitate
822 2917 873 2981 vel
896 2919 1118 2983 commoditate
1147 2917 1364 2983 Ecclesiarum

203 3022 331 3069 suarum
354 3005 560 3069 assumendos
572 3004 791 3086 judicaverint,
815 3005 961 3071 ordinare
982 3005 1076 3071 titulo
1091 3006 1275 3088 patrimonii
1288 3023 1366 3086 prn-

204 3091 291 3156 denti
312 3091 453 3172 ipsorum
472 3092 590 3174 judicio
615 3093 753 3174 congrui,
777 3097 809 3157 et
831 3094 945 3175 majori
967 3111 1030 3173 qua
1052 3091 1122 3165 fieri
1144 3097 1251 3174 potest
1274 3110 1365 3157 secu-

204 3180 299 3245 ritate
329 3180 554 3257 constituendi3
589 3181 671 3244 etsi
700 3199 759 3245 nec
789 3181 835 3243 ita
858 3181 1081 3259 patrimonium
1107 3179 1216 3245 haberi
1251 3180 1375 3260 possita

205 3267 331 3332 eosdem
366 3265 516 3347 Episcopi
549 3268 696 3332 ordinent
727 3267 820 3331 titulo
852 3267 973 3332 servitii
1006 3285 1084 3332 suae
1116 3267 1277 3332 Dioecesis
1308 3283 1366 3332 seu

206 3352 380 3431 Ecclesiae,
412 3361 446 3418 et
468 3356 506 3418 de
530 3354 741 3419 ecclesiastico
773 3352 875 3417 officio
899 3355 1098 3434 provideant,
1129 3372 1191 3435 quo
1214 3355 1371 3418 decenter

205 3443 378 3506 sustentari
401 3442 539 3506 valeant.
578 3439 697 3505 Curent
719 3448 825 3506 autem
848 3442 995 3522 Episcopi
1018 3444 1084 3506 sive
1106 3460 1163 3522 per
1186 3441 1374 3506 oblationes

205 3528 354 3606 fidelium,
376 3547 508 3609 quorum
531 3548 609 3610 erga
624 3528 797 3592 Ecclesiam
815 3529 917 3608 pietas
942 3547 1012 3593 eum
1035 3529 1068 3592 in
1090 3526 1185 3592 finem
1200 3528 1385 3592 excitanda,

207 3617 277 3693 erit,
301 3618 366 3680 sive
388 3635 445 3696 per
467 3616 529 3681 alia
552 3634 610 3697 pro
633 3615 771 3680 locorum
794 3616 1032 3696 opportunitate
1056 3615 1271 3695 comparanda
1294 3615 1390 3679 snbv

207 3702 287 3769 sidia
310 3703 343 3766 id
367 3701 504 3783 efficere,
535 3710 571 3769 ut
594 3708 628 3767 et
649 3705 677 3767 is
707 3703 863 3767 habeatur
886 3720 1047 3767 sacrorum
1069 3704 1287 3767 ministrorum
1311 3721 1394 3765 nu*

207 3808 313 3855 merus
345 3808 437 3871 quern
460 3791 520 3854 Dei
553 3791 657 3855 cultus
680 3808 717 3854 ae
743 3788 881 3853 fidelium
914 3808 991 3855 cura
1013 3789 1167 3870 postulat,
1201 3796 1233 3852 et
1256 3806 1395 3853 eorum

208 3878 262 3958 qui
283 3877 428 3959 indigent
449 3878 556 3957 inopia
579 3877 737 3941 sublevari
759 3882 865 3957 queat.

208 4002 276 4010 *-

245 4042 248 4047 '
319 4055 339 4118 ι)
361 4050 538 4107 sesnxxll.
571 4119 576 4130 ,
612 4048 787 4117 ²)2o.tunii
808 4052 883 4101 1741.
988 4119 992 4128 Ι

280 4191 285 4199 Ι
318 4125 341 4188 ³)
361 4120 427 4202 Cap.
446 4119 506 4173 Nos
529 4118 635 4186 quedem
660 4119 701 4171 De
720 4125 825 4172 testam.
869 4117 934 4185 Cap.
961 4117 992 4170 St
1017 4117 1144 4169 haeredes
1169 4129 1197 4171 et
1217 4117 1285 4184 Cap.
1308 4116 1406 4168 Tuto

210 4188 298 4242 Nom
317 4190 436 4326 ξιοᾱὸεέιιῑ
450 4259 532 4312 XXII.
552 4275 610 4325 cap.
631 4261 647 4309 8
666 4265 692 4311 et
710 4261 735 4311 9.
755 4258 788 4312 de
806 4257 927 4310 Reform.
