2946 4942
171 300 232 388 1²00
335 404 339 417 Ι
660 336 831 386 sesumam

168 496 264 559 mixto
288 494 449 575 aliquota
430 494 520 558 aunis
544 493 776 574 adolescentes,
801 513 875 559 raro
897 493 1081 645 pltcerumque
1104 492 1248 576 exemplo
1272 512 1332 559 ex-

168 581 393 664 cept,otfidem
418 579 1330 665 0011010000011101001000000111001,1000001000100

168 667 228 734 Cat
229 668 332 734 holica
366 656 522 747 Ecclesia,
556 685 615 756 pro
650 669 779 751 propria
809 686 886 734 suae
915 668 945 732 vi
947 673 999 733 tae
1029 669 1185 751 sospitate
1208 673 1243 733 et
1265 669 1328 733 nisi

167 757 273 838 gratia
305 761 377 837 post
363 755 505 820 tmodum
534 755 715 820 subvenerit
702 760 793 839 tpro
817 755 996 820 salutte
887 759 996 820 ttae
998 773 1083 820 ema.
1130 756 1178 820 De
1200 753 1275 820 filus
1298 774 1330 820 s

167 844 262 908 matri
292 841 454 908 Ecclesiae
483 842 642 924 quondam
675 845 814 923 impense
852 842 986 908 addictis
1020 843 1110 908 brevi
1142 841 1221 908 iacti
1250 848 1328 908 sunt

166 929 360 996 infestissimi
382 930 452 996 host
439 935 495 1011 tes,
518 947 613 1011 quam
635 928 861 995 honoribust
829 934 861 994 et
883 930 1064 995 muneribus
1091 930 1201 994 mundi
1225 930 1326 995 semel

166 1023 239 1083 auct
240 1019 260 1099 i,
276 1018 566 1099 quomodocumque
579 1017 740 1098 potuerint
741 1067 748 1096 ,
763 1017 915 1083 acerrime
930 1023 1109 1099 expugnant
1111 1070 1118 1084 .
1095 1018 1186 1083 tlta
1201 1023 1326 1083 crescat

167 1110 292 1189 oportet
313 1106 451 1170 hostiam
472 1122 620 1169 numerus
644 1105 675 1168 in
691 1106 835 1184 propria
849 1103 1014 1169 Ecclesiae
1031 1103 1214 1170 Catholicae
1230 1104 1323 1169 amo

100 1214 103 1218 “
167 1198 199 1257 01
232 1190 309 1256 fiant
339 1191 536 1272 infestissimi
566 1191 667 1256 hostes
694 1191 761 1272 ipsi
791 1191 953 1257 domestici
981 1193 1060 1274 ejas.
1111 1190 1174 1257 Sed
1201 1190 1326 1256 malum

165 1280 224 1346 hoc
260 1279 479 1362 gravissimum
519 1280 552 1342 iu
584 1279 650 1343 dies
688 1284 823 1359 augetur
858 1279 889 1343 in
923 1279 1177 1360 generationibus
1205 1278 1323 1343 1010010

165 1370 261 1449 atque
283 1367 442 1432 Ecclesiae
472 1365 583 1430 exinde
612 1370 765 1446 10000100·
787 1363 1001 1431 funestissima
1022 1364 1104 1446 fata,
1129 1384 1202 1431 cum
1223 1366 1324 1447 impia

165 1459 342 1535 tempomm
375 1453 489 1517 horum
519 1457 662 1534 potestas
690 1473 753 1532 per
786 1452 914 1517 scholas
936 1453 1056 1518 mistas
1078 1473 1147 1518 eam
1170 1453 1265 1536 quasi
1287 1452 1324 1518 ia

165 1541 274 1606 radice
303 1546 335 1606 ct
364 1539 534 1606 seminario
564 1539 707 1620 fideliam
725 1540 1321 1622 1001001000010011010000000100.

166 1614 207 1693 m
236 1627 287 1694 hic
322 1633 367 1692 est
400 1632 526 1710 questas
557 1647 643 1692 meas
665 1626 896 1707 gemebundus,
931 1627 1009 1692 haec
1043 1628 1228 1693 lamentatio
1250 1647 1322 1693 mea

165 1716 371 1799 amarissima
393 1715 431 1780 de
453 1714 568 1780 scholis
589 1715 708 1792 mistis,
732 1731 826 1795 quam
848 1715 937 1780 vobis
960 1712 1033 1778 Emi
1056 1733 1075 1780 0
1097 1715 1169 1779 Rriri
1191 1713 1254 1778 ΡΡ.
1278 1715 1322 1780 ad

163 1802 377 1886 adjuvandum
409 1820 459 1866 me
489 1800 605 1867 refero:
636 1802 820 1883 gravissima
853 1802 937 1867 mala
967 1801 1075 1881 video,
1110 1819 1168 1867 nec
1198 1801 1322 1867 mederi

163 1889 267 1970 valeo,
301 1908 370 1955 cum
400 1889 553 1970 ejusmodi
576 1888 701 1954 scholae
725 1889 855 1954 statatis
878 1889 983 1954 civilis
1004 1895 1134 1954 0001000
1159 1887 1323 1955 Comstita-

163 1977 261 2043 tioais
283 1977 475 2054 innitantur3
498 1994 591 2058 quam
614 1981 737 2041 mutare
758 1977 841 2042 vires
864 1976 940 2041 mihi
964 1976 1088 2041 desunt.

267 2064 386 2129 Habita
408 2065 528 2129 0011000
550 2068 599 2128 101
621 2070 845 2145 tantorumque
868 2064 1029 2139 malorum,
1043 2080 1125 2144 quae
1140 2064 1172 2128 in
1187 2063 1322 2141 animas,

161 2146 195 2215 in
217 2150 392 2216 Ecclesiam
428 2155 459 2215 01
482 2149 677 2215 Catholicam
706 2151 889 2217 societatem
923 2172 961 2216 ea
990 2149 1113 2216 80110110
1134 2150 1323 2216 001011000-

163 2239 324 2317 dundant‚
356 2237 387 2302 S.
420 2236 592 2302 Concilium
615 2239 805 2303 Vaticanum
835 2238 958 2304 silentio
982 2239 1157 2320 praeterire
1179 2254 1234 2303 000
1255 2256 1321 2304 000

161 2329 276 2478 potestt,
300 2325 515 2390 00100000110
538 2330 626 2390 00010
650 2331 759 2390 000100
781 2343 834 2390 000
857 2330 999 2391 01010000
1022 2325 1125 2394 debet.
1149 2325 1320 2408 Imprimis,

161 2414 415 2497 10001011000,
450 2414 562 2478 summi
593 2413 642 2477 sui
670 2415 808 2478 muneris
842 2418 875 2478 01
861 2412 992 2478 tolficii
1016 2414 1076 2478 erit
1099 2411 1235 2479 solemni
1257 2430 1318 2478 suo

160 2501 304 2566 consultu

268 2593 295 2654 1.
331 2586 458 2652 Scholns
489 2588 603 2651 00100100
635 2586 856 2668 cuiuscumque
890 2588 1014 2670 generis
1043 2605 1080 2652 ac
1113 2587 1304 2653 ordinisre

157 2674 301 2757 probare,
1329 2735 1337 2747 .

266 2767 294 2828 2.
330 2761 517 2843 Episcopus,
541 2760 756 2842 parochosct
784 2767 931 2843 parentes
956 2763 1038 2827 00010
1063 2761 1243 2841 adhortari,
1267 2766 1316 2825 ut·

157 2854 231 2932 pote
263 2848 455 2930 Episcopus,
490 2853 527 2913 ut
556 2865 613 2930 pro
646 2864 739 2929 10000
774 2866 830 2914 suo
865 2857 975 2913 contra
1006 2848 1160 2930 ejusmodi
1182 2846 1316 2914 Scholas

158 2935 306 3014 militent,
330 2934 502 3017 parochos,
537 2939 574 3001 01
597 2932 808 3000 Christianam
831 2936 1034 3018 juventutem
1067 2937 1107 3003 ab
1137 2936 1182 3000 010
1206 2952 1315 3002 arcere

157 3024 322 3105 studeant,
350 3027 513 3104 paccatas,
544 3041 584 3088 00
617 3040 732 3104 100000
760 3038 833 3089 0000
858 3023 1009 3106 ejusmodi
1038 3022 1153 3089 scholis
1176 3040 1314 3106 unquam

157 3111 363 3190 committant,

264 3204 292 3264 3.
326 3198 547 3281 Mapistaatas
576 3196 685 3263 civiles
707 3196 891 3277 admouere,
916 3202 952 3263 ut
975 3196 1105 3264 Schulas
1128 3194 1312 3263 Catholicae

154 3285 348 3352 fundationis
380 3303 551 3366 earumque
583 3282 752 3350 facultates
785 3283 956 3350 Catholicis
984 3285 1092 3367 iniqua
1120 3284 1153 3348 01
1185 3288 1220 3348 01
1242 3282 1310 3367 lege

155 3375 336 3440 subtractas
359 3372 536 3452 restituant,
561 3371 755 3451 liberamque
771 3391 950 3452 1000000000
971 3372 1215 3436 instructionem
1237 3371 1311 3453 ipsis

154 3460 335 3540 concedant,
360 3477 454 3541 quam
476 3464 611 3541 patema
632 3459 741 3540 utique
762 3463 904 3540 potestas
923 3459 995 3541 jure
1019 3459 1145 3542 exigere
1168 3462 1283 3539 potest.

259 3548 349 3613 Haec
378 3565 476 3612 sanae
509 3547 669 3612 doctrinae
700 3545 843 3628 jurisque
875 3546 1043 3629 principia,
1082 3545 1239 3627 siquidem
1273 3544 1314 3610 ad

154 3641 280 3718 tempus
303 3635 360 3700 abs
382 3635 457 3700 viris
480 3635 604 3715 iniquae
625 3632 794 3715 violentiae
817 3652 881 3699 non
904 3634 1131 3715 respiciuntur,
1155 3638 1309 3716 tempore,

153 3723 237 3805 quud
259 3722 413 3802 adveniet,
436 3721 543 3788 forsan
565 3720 800 3802 praevalebunt,
823 3722 884 3786 nisi
905 3721 1031 3786 iuterim
1054 3725 1215 3787 terrarum
1227 3718 1310 3785 orbis

152 3812 240 3894 prius
263 3809 363 3874 ruerit
384 3817 479 3890 atque
502 3808 803 3891 appropinquaverit
824 3815 959 3873 ventura
981 3809 1043 3873 ira!

257 3895 385 3962 Summo
408 3901 441 3963 ct
463 3897 593 3979 1000001
617 3896 712 3964 cultu.

256 3984 374 4050 Romae
396 3983 503 4050 Idibus
527 3982 624 4065 April.
649 3988 744 4048 1870.

731 4109 753 4190 †
776 4104 909 4171 Carolus
930 4105 1070 4171 10000000
1093 4060 1206 4170 Greith

826 4191 885 4275 Ep.
909 4192 1133 4274 Sangalleusis.

623 4365 834 4374 *—

624 4377 834 4386 -—--.-—.
