2946 4942
45 314 48 320 ·
154 281 214 343 168
646 231 817 339 manniam

150 432 233 511 licis;
267 447 400 511 quorum
423 428 577 494 malorum
608 428 686 494 haec
709 429 879 510 praecipua
901 434 990 493 suut:
1024 447 1120 495 verae
1143 426 1309 493 doctrinae

151 524 184 585 et
206 517 336 600 pietatis
367 517 564 593 christianae,
599 515 631 580 in
656 516 787 581 diversis
818 523 850 581 et
872 516 1022 598 oppositis
1052 515 1207 594 sensibus,
1241 532 1310 579 cor·

152 607 326 687 ruptiones3
345 622 551 670 -censurae
573 610 606 667 et
628 609 722 669 notae
744 603 941 685 theologicae
964 603 1113 683 injuriose
1135 623 1155 668 a
1178 601 1310 685 privatis

151 693 357 775 scriptoribus
389 692 584 774 opinionibus
608 696 641 755 et
670 692 812 772 personis
842 692 882 755 ab
906 690 1048 756 Ecclesia
1078 709 1142 756 nou
1165 689 1312 757 condem·

150 782 233 846 natis
256 779 405 858 inflictae,
440 813 481 826 —
518 778 684 843 divisiones
713 784 745 843 et
776 778 952 842 discordiae
979 778 1062 843 inter
1085 778 1256 844 catholicos
1280 783 1314 841 et

151 871 273 950 inipso
296 866 388 932 Clero
411 867 597 944 seminatae,
630 904 664 911 -
697 866 862 930 imminuta
884 884 965 946 quae
989 866 1153 947 Episcopis
1177 864 1315 930 debetur

152 957 330 1022 reverentia
364 962 396 1020 et
430 954 600 1036 subjecti03
639 991 673 999 —
711 953 787 1018 odia
825 953 1101 1018 vehementissima
1135 952 1317 1017 Ecclesiam

150 1045 301 1110 adversus
325 1041 535 1122 Sanctamque
559 1041 672 1105 Sedem
702 1040 911 1120 undequaque
935 1043 1104 1117 concitata;
1135 1076 1179 1086 -
1209 1040 1318 1120 quoti-

152 1132 256 1207 diana,
281 1147 379 1210 eaque
401 1128 667 1210 periculosissima
690 1133 723 1192 et
738 1127 897 1193 scandalis
921 1127 1022 1209 plena,
1046 1129 1079 1192 in
1094 1126 1189 1192 rebus
1212 1126 1319 1191 cccle-

151 1218 287 1285 siasticis
318 1216 478 1282 hominum
509 1232 639 1297 prorsus
672 1216 951 1296 incompetentium
983 1215 1144 1293 immistio,
1179 1231 1321 1296 quorum

151 1325 225 1389 pars
258 1322 374 1385 magna
409 1304 538 1379 indocti,
573 1303 798 1383 imprudentes,
832 1303 960 1368 violenti
994 1308 1076 1380 sunt,
1110 1303 1320 1383 partiumque

151 1394 264 1459 studiis
288 1392 404 1469 dediti;
421 1429 463 1437 -
480 1390 706 1457 catholicorum
731 1391 860 1455 taudem
884 1397 916 1454 et
938 1391 1037 1470 ipsius
1061 1389 1146 1454 Cleri
1169 1390 1317 1465 directio,

151 1483 185 1546 in
213 1481 252 1544 iis
282 1497 363 1560 quae
398 1484 545 1559 spectant
575 1477 616 1542 ad
646 1480 846 1559 quaestiones
878 1484 910 1542 et
940 1479 1067 1558 negotia
1098 1477 1320 1562 ecclesiastica

151 1568 356 1645 occurrentia,
381 1565 566 1630 Pastoribus
589 1571 621 1630 et
644 1566 825 1631 doctoribus
845 1566 1003 1630 Ecclesiae
1025 1565 1117 1646 quasi
1140 1564 1314 1641 subtracta,

151 1663 183 1722 et
206 1676 225 1720 a
246 1655 334 1720 laicis
358 1653 563 1735 scriptoribus
587 1659 740 1734 usurpata
763 1660 796 1718 et
818 1653 964 1731 exercita,
989 1658 1040 1717 ete
1042 1703 1177 1720 .....

256 1758 445 1839 Hujusmodi
467 1762 554 1823 certe
586 1758 685 1835 malis,
722 1759 821 1823 aetati
849 1764 977 1822 nostrae
1008 1759 1141 1823 manime
1165 1759 1310 1840 propriis,

152 1846 348 1927 saeculisque
371 1845 634 1927 praecedentibus
657 1864 756 1927 prope
779 1846 956 1926 incognitis,
986 1845 1095 1910 efficax
1117 1845 1246 1927 aliquod
1269 1847 1311 1910 in·

151 1934 254 1999 veniri
275 1939 307 1998 et
329 1931 435 1998 afferri
457 1934 630 1997 remedium
652 1950 779 1997 necesse
802 1939 835 1997 et
858 1934 1114 2014 urgentissimum
1138 1939 1204 2011 est3
1236 1933 1310 1998 alio·

151 2023 226 2103 quin
243 2022 381 2100 graviter
404 2029 489 2085 certe
505 2019 737 2102 periclitaretur
760 2039 822 2101 pax
838 2029 869 2084 et
887 2021 1032 2102 dignitas,
1055 2021 1117 2084 imo
1141 2028 1181 2096 et,
1206 2020 1310 2101 aliquo

152 2127 256 2186 sensu,
292 2109 397 2173 divina
425 2109 494 2189 ipsa
524 2108 701 2172 oeconomia
725 2106 896 2184 Ecclesiae,
930 2108 1019 2171 laicis
1050 2126 1120 2171 sese
1152 2109 1186 2171 in
1213 2108 1311 2189 magi·

152 2197 284 2261 sterium
308 2196 533 2276 ingerentibus.

258 2300 458 2380 Quapropter
490 2299 718 2364 instantissime
748 2300 875 2380 petitur,
911 2308 945 2364 ut
979 2302 1195 2381 quaestionem
1230 2300 1312 2363 hanc

152 2386 328 2453 Concilium
352 2386 459 2451 sedulo
476 2404 532 2451 suo
556 2387 700 2469 subjiciat
718 2389 860 2463 examini,
886 2394 1042 2469 quatenus
1065 2405 1104 2451 ea
1119 2387 1226 2452 statui·
1241 2403 1313 2468 pos-

152 2475 217 2540 sint
239 2493 320 2557 quae
344 2479 420 2556 apta
442 2475 542 2555 magis
570 2483 602 2538 et
625 2481 803 2556 opportuna
826 2476 859 2538 in
882 2474 1015 2540 Domino
1039 2474 1240 2554 videbuntur,
1273 2473 1314 2538 ad

153 2563 327 2628 avertenda
361 2563 461 2627 omnis
497 2565 620 2640 generis
655 2561 747 2637 mala,
785 2562 934 2626 scandala
962 2568 993 2627 et
1026 2561 1164 2642 pericula
1193 2580 1231 2626 ex
1259 2561 1314 2626 illo

152 2669 242 2727 novo,
265 2651 488 2731 incompetenti
512 2655 543 2713 et
566 2649 800 2730 indisciplinato
828 2650 921 2714 modo
945 2649 1101 2715 scribendi
1124 2656 1157 2714 et
1180 2649 1315 2714 docendi

154 2739 237 2804 circa
259 2756 310 2802 res
333 2737 813 2825 ecclesiasticaspromanantia.

206 2947 257 3011 De
281 2947 480 3011 cautionibus
503 2945 690 3010 adleibeaclis
712 2966 752 3010 ae
775 2966 828 3010 res
853 2945 991 3010 Oeacc'le'a'
1013 2945 1208 3025 imprudenti
1232 2952 1263 3010 et

284 3050 535 3130 indisciplinata
557 3051 755 3114 immistione
778 3050 958 3114 diurnorum
974 3049 1178 3130 publicorum

613 3156 852 3234 perturbentur.

259 3294 339 3359 Cum
361 3295 481 3359 nullum
504 3294 608 3360 adhuc
632 3294 803 3359 Concilium
831 3296 863 3358 in
885 3293 1028 3360 Ecclesia
1051 3294 1194 3358 habitum
1217 3292 1318 3359 fuerit

154 3402 192 3447 eu
226 3400 287 3462 quo
321 3387 463 3463 tempore
499 3381 599 3446 diaria
632 3380 758 3461 publica
790 3383 919 3445 inventa
953 3387 1043 3459 sunt,
1082 3380 1192 3445 nullas·
1220 3399 1317 3463 repe·

153 3470 217 3534 rire
250 3475 300 3534 est
333 3470 365 3533 in
398 3469 662 3551 praecedentibus
697 3467 842 3533 Conciliis
878 3469 1036 3533 adhibitas
1075 3470 1238 3534 cautiones
1274 3468 1317 3533 ad

144 3558 329 3622 'amovenda
351 3558 539 3639 gravissima
561 3554 645 3620 mala
667 3574 758 3636 quae,
793 3556 926 3620 durante
951 3554 1098 3636 Concilio,
1131 3575 1170 3620 ex
1191 3556 1317 3642 immix-

153 3646 239 3709 tione
273 3645 442 3710 diariorum
477 3643 674 3725 publicorum
703 3644 735 3706 iu
768 3644 861 3708 rebus
890 3649 923 3707 et
954 3645 1052 3724 gestis
1075 3641 1206 3710 Concilii
1239 3644 1318 3709 oriri

153 3736 290 3813 possent.

259 3835 446 3916 Hujusmodi
475 3836 573 3918 igitur
601 3835 763 3899 cautiones
793 3835 1041 3901 adinveniendae
1068 3837 1134 3917 jam
1162 3842 1256 3900 erunt
1283 3842 1317 3900 et

153 3923 361 4006 applicandae
384 3942 403 3988 a
425 3923 580 3989 Vaticano
603 3920 751 4001 Concilio,
784 3923 878 4003 idque
901 3923 960 3988 sub
982 3923 1116 4003 ipsomet
1138 3922 1317 3989 sessionum

154 4011 259 4075 initio:
282 4011 374 4092 quod,
399 4011 459 4076 etsi
481 4007 606 4074 difficile
630 4010 681 4089 sit,
706 4026 769 4073 non
791 4016 900 4075 tamen
921 4009 1114 4090 impossibile
1137 4007 1205 4074 lore
1227 4010 1316 4075 uide·

155 4103 216 4176 tur,
240 4100 375 4164 maxime
390 4116 467 4179 erga
490 4097 592 4161 diaria
607 4097 776 4162 catholica:
799 4098 906 4175 etita,
932 4098 1022 4161 sinon
1038 4115 1077 4160 ex
1099 4102 1175 4174 toto,
1200 4096 1315 4163 saltem

155 4200 194 4246 ex
223 4190 324 4265 parte,
358 4185 557 4251 incommoda
588 4191 621 4248 et
652 4183 794 4265 pericula
827 4201 907 4264 quae
941 4185 1095 4249 timentur
1129 4186 1318 4264 praecaveri

156 4274 313 4352 poterunt,
336 4279 392 4336 aut
414 4272 521 4338 minui.
