2946 4942
464 343 560 393 amns
581 343 687 393 44444
708 343 746 389 nr
766 340 978 391 4444441444.
1244 325 1312 389 969

359 534 402 589 De
419 533 600 590 conversione
618 530 767 586 infidelium
783 568 1141 589 .........
1179 477 1263 586 rob*

372 660 386 691 „
416 619 599 676 schismaticis
611 618 719 687 graecis
737 617 772 672 ad
791 617 925 673 unitatem
937 614 1082 672 Ecclesiae
1099 631 1141 672 re·
1244 648 1247 653 -

466 706 625 774 colligendis
645 743 1140 764 ............
1178 706 1230 758 170

374 833 387 864 „
417 793 560 849 dividenda
577 793 621 847 vel
640 792 813 862 duplicanda,
838 792 957 846 manime
975 791 1003 845 in
1020 789 1143 866 favorem

467 880 664 948 Orientalium,
691 894 771 935 sacra
797 877 1019 947 Congregatione
1037 878 1141 949 Prope·
1232 926 1236 935 .

463 969 569 1037 gandae
586 967 651 1022 fidei
692 1005 1139 1024 ...........
1177 970 1228 1022 171

373 1095 386 1126 ,
415 1054 576 1110 reducendis
594 1054 743 1110 haereticis
780 1092 1138 1111 .........
1177 1056 1243 1131 179Ι

374 1181 387 1212 „
416 1143 588 1217 cputionibue
606 1143 635 1195 in
652 1141 811 1197 redactione
832 1140 1015 1195 Decratorum
1032 1155 1143 1196 errores

467 1229 702 1285 condemnantium
718 1245 791 1283 nnnc
810 1227 972 1282 adhibendis
1003 1267 1009 1280 .
1046 1267 1053 1282 .
1090 1269 1097 1282 .
1134 1271 1141 1285 .
1178 1230 1229 1283 179

375 1358 388 1388 ,
416 1311 546 1386 prudenti
571 1316 651 1372 modo
680 1315 841 1384 specialiter
869 1314 1004 1371 servando
1028 1315 1057 1369 in
1080 1331 1143 1381 con·

466 1403 623 1459 damnandis
643 1403 780 1458 modernis
799 1402 938 1458 erroribus
958 1443 1140 1461 .....
1179 1405 1231 1457 174

361 1492 454 1548 Novae
465 1491 528 1547 fidei
546 1491 728 1558 definitiones,
741 1490 795 1546 nisi
812 1507 847 1546 en
865 1491 973 1546 omnino
986 1491 1143 1546 necessaria

467 1595 559 1648 cauea,
578 1595 633 1634 non
651 1578 773 1635 edendae
826 1617 1142 1635 ........
1180 1581 1231 1632 174

361 1668 403 1723 De
421 1668 568 1722 charitatis
586 1672 615 1720 et
632 1665 837 1721 misericordiae
855 1655 981 1733 operibns
999 1664 1144 1720 laudandis

468 1761 496 1809 et
514 1754 707 1823 promovendis
738 1793 1142 1811 ..........
1179 1755 1232 1806 164

150 1842 349 1910 (laodiciensis,
366 1842 503 1898 Antonine
520 1842 573 1911 Ep.
591 1871 625 1882 ·-
653 1882 659 1896 .
697 1865 703 1894 2
741 1880 1142 1899 ..........
1197 1841 1232 1895 76

150 1928 322 1999 Germaniae,
341 1929 521 1998 complurium
533 1938 565 1968 ‘—
579 1930 780 1998 Episcoporum
792 1927 932 1997 postulata
945 1926 979 1981 de
998 1926 1145 1995 disciplina
1181 1929 1233 1982 175
1251 1943 1314 1999 sqq.

151 2017 410 2086 Gesellen-Verein,
437 2016 618 2086 postulatum,
650 2023 682 2071 nt
709 2014 838 2084 opiticum
871 2014 1002 2081 societas,
1037 2013 1087 2069 der
1112 2043 1146 2054 -

259 2105 321 2164 aS.
340 2105 461 2160 Concilio
479 2105 615 2160 Vaticano
634 2103 761 2158 laudetur
780 2107 863 2171 atque
881 2101 1102 2158 commendetur.
1140 2142 1146 2154 .
1181 2104 1235 2158 999
1253 2119 1295 2172 aq.

151 2191 325 2262 (iiennensie,
344 2193 458 2247 Antonii
476 2191 529 2261 Ep.
548 2221 581 2230 —
600 2191 750 2261 propositio
773 2197 903 2260 spectans
921 2189 958 2245 ad
974 2189 1148 2258 assumptio·

257 2293 320 2334 nem
337 2279 369 2333 B.
388 2279 426 2335 M.
445 2279 478 2337 V.
499 2281 527 2333 in
546 2279 652 2334 coelum
693 2317 1144 2337 ...........
1196 2280 1232 2332 w

152 2365 250 2423 Gratia
266 2365 458 2434 Redemptoris
476 2365 600 2434 (schema
618 2373 705 2423 const.
724 2364 827 2435 dogm.)
874 2403 1145 2422 .......
1198 2354 1233 2420 99

207 2491 222 2524 „
349 2492 363 2522 „
477 2469 595 2509 canones
615 2452 649 2508 de
667 2483 701 2492 -
739 2491 1144 2512 ..........
1198 2455 1233 2509 97
1260 2476 1264 2480 ·

151 2539 260 2610 (ireith,
279 2539 394 2597 Carolus
411 2540 552 2609 losephns
569 2539 622 2610 Ep.
642 2539 828 2610 sangallensis
870 2578 1143 2596 .......
1181 2541 1233 2594 190

151 2696 408 2754 halicarnassensis
432 2696 564 2767 Episcopi
585 2698 754 2767 postulatum
777 2697 813 2754 ad
836 2698 928 2752 variae
952 2695 1093 2753 doctrinae
1112 2695 1145 2752 de

258 2785 520 2853 ecclesia·spectans
565 2792 589 2839 .'
609 2824 1143 2844 .............
1196 2787 1231 2840 94
1250 2790 1314 2857 sqq.

364 2874 406 2930 De
424 2879 562 2942 potestate
581 2871 772 2928 ecclesiactica
785 2910 1144 2930 .........
1198 2874 1234 2927 94

379 3001 392 3031 „
485 2999 498 3030 „
580 2960 715 3015 saeculari
740 2999 1145 3018 ..........
1198 2962 1233 3016 95

367 3054 391 3119 ’,,
419 3049 600 3103 instructione
615 3046 765 3116 juventutis
786 3085 1143 3104 .........
1197 3050 1232 3103 95

377 3176 390 3206 ,,
420 3137 458 3191 414
477 3136 556 3190 dictis
574 3135 749 3190 libertatibus
786 3173 1145 3192 .........
1198 3137 1234 3190 95

377 3262 390 3293 ,,
419 3222 599 3278 beneficentia
618 3222 771 3276 christiana
783 3261 1141 3280 .........
1195 3222 1230 3276 95

153 3310 279 3381 llasenu,
303 3311 441 3366 Antonius
468 3311 568 3366 Petrus
592 3310 653 3378 IX.,
683 3309 843 3378 patriarcha
867 3307 1023 3364 Ciliciensis
1050 3310 1145 3363 Arme·

260 3414 358 3453 norum
400 3437 1064 3456 ...............
1100 3398 1144 3452 69.
1182 3400 1233 3451 119

152 3485 476 3542 11414414-944451461444
495 3485 723 3554 Congregationis
742 3483 880 3553 expositio
899 3489 950 3540 etc.
999 3523 1005 3536 .
1050 3525 1056 3538 .
1094 3524 1101 3537 .
1138 3524 1145 3538 .
1181 3485 1234 3538 945
1251 3498 1292 3554 sq.

152 3574 300 3642 Henricus,
318 3574 411 3628 Abbas
429 3574 591 3629 monasterii
609 3572 794 3627 Eineidleneis
827 3611 1144 3630 ........
1180 3573 1234 3626 999

153 3661 280 3717 Hominis
299 3663 400 3717 creatio
418 3669 446 3717 et
464 3668 565 3716 natura
609 3698 1143 3718 .............
1197 3661 1234 3712 98

228 3789 241 3822 „
298 3751 416 3807 elevatio
436 3758 464 3807 et
481 3751 577 3819 lapsae
612 3785 1143 3804 .............
1197 3747 1233 3800 99

366 3838 490 3894 Canonee
508 3837 543 3892 de
561 3865 595 3876 -
613 3841 715 3891 natura
733 3842 762 3890 et
780 3834 888 3902 origine
917 3874 1144 3890 ......
1199 3835 1234 3886 96

430 3965 443 3994 ,,
524 3966 537 3993 ,
565 3953 600 3964 -
619 3924 771 3979 elevatione
788 3929 818 3977 et
836 3922 917 3989 lapsu
959 3962 1143 3980 .....
1198 3922 1234 3975 96

152 4012 352 4084 ilydruntinus,
371 4013 535 4067 Vincentius
553 4011 679 4066 Andreas
697 4010 827 4078 Archiep.
874 4048 1144 4069 .......
1184 4009 1234 4061 199

152 4152 232 4223 lieo,
249 4153 403 4209 Ludovicns
421 4153 470 4221 Μ.,
489 4181 522 4190 -
540 4151 592 4220 Ep.
610 4152 739 4219 Liparen.
786 4189 1144 4208 .........
1182 4150 1234 4203 119

153 4242 294 4297 lncarnati
311 4241 396 4298 Verbi
412 4240 572 4310 mysterium
589 4239 711 4308 (schema
729 4244 819 4294 conat.
838 4237 969 4308 dogm).
1005 4275 1011 4289 .
1049 4277 1055 4291 .
1095 4277 1101 4291 .
1138 4279 1145 4295 .
1198 4237 1235 4290 90

227 4367 241 4400 ‚‚
368 4369 381 4400 „
431 4343 550 4386 canones
568 4327 603 4383 de
621 4356 654 4367 -
673 4355 708 4368 —
724 4325 853 4397 mysterio
871 4364 1145 4385 .......
1198 4324 1234 4378 96
