2946 4942
213 335 276 394 140
573 347 732 395 sesumam
755 346 1013 419 oonsprvumouun

211 486 400 569 politanum3
423 486 450 550 si
473 504 548 550 vero
564 485 706 550 Ecclesia
729 484 975 566 Metropolitana
997 501 1111 550 vacans
1134 482 1240 564 fuerit,
1257 483 1309 549 vel
1331 483 1368 548 de

210 575 280 655 ipso
305 571 450 654 capitulo
473 572 718 654 Metropolitano
742 577 863 652 agatur,
889 573 930 636 ad
954 573 1163 653 antiquiorem
1185 571 1368 637 Provinciae

212 661 402 742 Episcopum
433 662 466 725 in
495 660 674 724 devolutivo
709 677 879 740 provocare
912 660 1023 737 liceat;
1052 660 1093 724 ad
1116 659 1370 740 propinquiorem

208 765 284 812 vero
307 746 499 829 Episcopum
523 765 670 812 recursus
692 748 883 826 instituetur,
901 748 928 811 si
945 746 1089 813 Ecclesia
1105 752 1251 827 exempta
1266 745 1371 815 fuerit.

211 833 256 898 Et
276 835 304 899 is
328 835 482 916 adquam
506 842 711 915 provocatum
735 835 802 912 erit,
826 835 935 913 agnita
958 851 1105 900 recursus
1124 835 1260 916 justitia,
1280 832 1371 897 Vica-

211 922 294 985 rium
315 940 372 1002 pro
396 941 435 987 ea
456 923 525 986 vice
549 910 721 1003 deputalfft.

316 1008 353 1072 In
378 1010 501 1073 Vicario
535 1016 640 1074 autem
676 1008 895 1073 constituendo
918 1007 1038 1072 nullam
1062 1008 1122 1072 sibi
1141 1008 1371 1090 jurisdictionis

209 1100 333 1176 partem
357 1095 537 1177 Capitulum
575 1097 711 1161 retinere
746 1096 1036 1176 quomodocumque
1060 1095 1168 1176 possit.
1215 1095 1372 1177 Legitime

211 1183 329 1247 electus
360 1199 377 1247 e
406 1184 559 1248 reditibus
587 1201 714 1247 mensae
747 1183 903 1262 vacantis,
932 1183 986 1247 ubi
1008 1180 1102 1246 aliter
1124 1183 1287 1263 provisum
1309 1201 1372 1249 non

210 1268 317 1350 fuerit,
341 1278 464 1351 partem
487 1288 659 1351 congruam
682 1271 853 1351 percipiat3
879 1270 990 1334 diebus
1013 1278 1045 1333 et
1067 1268 1152 1333 horis
1175 1270 1290 1350 quibus
1305 1271 1373 1352 ipse

211 1357 335 1421 ratione
364 1360 413 1422 sui
443 1360 582 1422 muneris
617 1358 804 1439 impeditur,
834 1377 852 1421 a
876 1357 961 1421 chori
985 1357 1111 1421 servitio
1135 1357 1176 1420 sit
1200 1363 1373 1439 exemptus,

91 1523 96 1532 ἡ
211 1449 244 1507 et
268 1445 540 1509 distributionibus
563 1444 709 1524 gaudeat,
733 1445 771 1508 iis
794 1450 901 1508 tamen
924 1445 1047 1509 arnissis
1071 1462 1151 1524 quae
1173 1443 1260 1508 inter
1283 1463 1373 1526 prac-

211 1537 317 1596 sentes
343 1531 499 1596 dicuntur.

316 1615 397 1681 Sede
419 1637 493 1683 vero
517 1637 574 1699 per
596 1617 746 1698 Episcopi
768 1619 986 1698 captivitatem
1009 1618 1060 1683 vel
1075 1618 1303 1699 relegationem
1318 1623 1374 1684 aut

211 1704 337 1769 exilium
372 1706 537 1786 impedita,
562 1705 645 1769 illius
670 1706 810 1787 regimen
833 1724 931 1786 penes
955 1705 1104 1787 Episcopi
1127 1705 1297 1786 Vicarium,
1322 1706 1371 1770 vel

211 1792 380 1873 quemlibet
412 1793 507 1856 alium
534 1793 636 1856 virum
665 1792 913 1857 ecclesiasticum
946 1794 985 1857 ab
1009 1792 1167 1873 Episcopo
1191 1792 1373 1875 delegatum

210 1887 393 1958 remaneat,
425 1880 524 1945 donee
559 1880 652 1943 aliter
686 1880 725 1944 ab
764 1880 823 1944 hac
847 1878 927 1943 Sede
950 1880 1134 1961 Apostolica
1156 1881 1373 1960 provideatur.

206 1966 255 2029 -lis
279 1974 385 2031 autem
408 1966 626 2032 deficientibus
650 1966 699 2031 vel
722 1968 891 2047 impeditis,
912 1965 1109 2047 Capitulares
1123 1967 1285 2031 Vicarium
1300 1986 1373 2033 con-

210 2054 357 2134 stituent,
388 2057 548 2135 totiusque
576 2056 621 2118 rei
653 2059 800 2119 eventum
834 2055 1072 2135 quamprimum
1100 2055 1140 2118 ad
1173 2055 1316 2136 ejusdem
1340 2054 1371 2122 S.

211 2139 301 2204 Sedis
337 2142 481 2205 notitiam
514 2140 672 2219 deferent,
698 2144 855 2221 recepturi
878 2141 1046 2222 humiliter,
1071 2149 1102 2205 et
1126 2139 1295 2207 efficaciter
1318 2144 1373 2206 im·

211 2227 327 2307 pleturi
350 2229 434 2307 quod
457 2246 513 2308 per
535 2230 638 2310 ipsam
662 2229 828 2308 contigerit
851 2229 1000 2294 ordinari.

694 2524 830 2591 CAPUT
853 2524 893 2591 ΙΙ.

298 2663 397 2729 'Cum
421 2665 615 2745 experientia
638 2665 761 2743 doceat,
786 2665 939 2745 quosdam
962 2665 1081 2730 Vicarii
1103 2680 1216 2728 munus
1239 2665 1373 2747 adeptos

213 2752 381 2816 ambitiosa
403 2752 612 2817 sollicitudine
636 2752 738 2816 multa
752 2760 960 2834 properanter
976 2753 1151 2834 disponere,
1166 2749 1267 2817 futuri
1284 2750 1374 2834 Epia-

213 2839 283 2919 copi
307 2838 436 2902 consilia
459 2858 497 2903 ac
513 2840 652 2919 regimen
672 2846 946 2920 praeoccupantes,
964 2841 1152 2921 quandoque
1167 2839 1264 2903 etiam
1279 2838 1373 2922 hujus

212 2923 414 3006 Apostolicae
435 2924 526 2990 Sedis
545 2927 620 3008 jura
643 2926 836 3004 invadentes,
862 2926 935 3005 Nos,
960 2945 1050 2992 sacro
1074 2926 1271 3008 approbante
1293 2925 1374 2993 (lon-

214 3012 297 3092 cilio‚
332 3013 452 3078 Vicarii
484 3011 674 3094 Capitularis
702 3012 867 3079 tarditates
900 3016 984 3079 intra
1018 3032 1179 3079 sacrorum
1211 3011 1374 3079 canonum

212 3100 329 3165 limites
362 3103 487 3166 omnino
523 3101 673 3166 contineri
696 3100 853 3181 jubemus,
900 3101 1101 3183 Quapropter
1123 3101 1284 3166 invectam
1307 3102 1374 3184 qui·

213 3187 347 3252 busdam
379 3190 411 3252 in
445 3188 522 3253 locis
545 3190 802 3254 consuetudinem
826 3193 861 3252 ut
884 3188 1003 3254 liberae
1026 3188 1200 3253 collationis
1223 3187 1375 3254 beneficia

214 3294 234 3338 a
257 3275 383 3339 Vicario
407 3275 620 3354 conferentur,
644 3276 841 3341 tolerandam
865 3275 950 3340 haud
966 3294 1036 3341 esse
1052 3277 1258 3341 declaramus.
1284 3275 1375 3354 Quod

214 3362 241 3426 si
263 3359 416 3426 beneficia
438 3362 618 3445 huJusmodi
641 3364 817 3428 animamm
841 3382 948 3427 curam
971 3364 1124 3429 adnexam
1147 3362 1297 3442 habeant,
1322 3363 1374 3427 Vi·

215 3448 290 3513 carii
320 3450 395 3528 erit,
429 3451 580 3530 deputato
603 3451 711 3514 statim
735 3450 935 3529 oeconomo,
960 3469 1144 3516 concursum
1167 3449 1319 3529 indicere,
1341 3457 1375 3516 et

213 3535 297 3601 illius
321 3550 393 3603 acta
416 3538 457 3602 ad
480 3537 563 3602 hanc
586 3537 798 3618 Apostolicam
821 3537 934 3604 Sedern
957 3539 1190 3617 transmittere,
1215 3538 1257 3602 ad
1280 3555 1374 3619 quam

215 3622 340 3689 collatio
364 3642 420 3688 seu
441 3625 578 3706 provisio
592 3627 740 3706 pertinet,
762 3626 823 3690 nisi
846 3625 939 3690 aliter
960 3628 1001 3691 ab
1024 3626 1133 3690 eadem
1148 3644 1206 3706 pro
1222 3625 1374 3704 locorum,

214 3714 400 3792 temporum,
425 3730 461 3775 ac
485 3731 690 3795 personarum
713 3713 870 3793 adjunctis
894 3714 1054 3794 provisum
1076 3712 1180 3778 fuerit.

320 3798 356 3862 In
389 3799 572 3864 dimissoriis
607 3801 646 3864 ad
674 3801 800 3865 ordines
831 3800 1000 3864 aVicario
1030 3804 1102 3882 post
1133 3817 1251 3864 anuum
1284 3817 1376 3865 vaca·

214 3885 310 3951 tionis
334 3886 550 3966 concedendis,
575 3884 713 3968 Capituli
736 3905 861 3967 semper
884 3905 1054 3952 cousensus
1083 3906 1140 3969 per
1163 3892 1289 3953 secreta
1312 3885 1376 3952 sui·

206 3971 317 4054 tregia
348 3975 528 4054 requiratur
558 3980 591 4039 et
619 3975 766 4040 accedat:
787 3975 826 4038 iis
850 3992 924 4039 vero
947 3976 1002 4056 qui
1024 3993 1043 4038 a
1065 3975 1192 4056 proprio
1215 3972 1376 4057 Episcopo

214 4060 323 4141 rejecti
346 4059 465 4126 fuerint
487 4079 657 4142 nmnquam
680 4062 901 4129 concedantur.

320 4147 464 4212 Alienum
488 4149 633 4213 clericum
657 4150 741 4215 claro
764 4150 925 4214 Dioecesis
941 4149 1130 4228 adscribere,
1146 4147 1198 4229 nal
1213 4149 1383 4230 proprium

215 4250 254 4295 ex
277 4251 314 4297 eo
339 4234 497 4309 dimittere
522 4236 667 4301 Vicarius
690 4242 834 4317 nequeat,
860 4236 919 4300 nisi
942 4235 981 4299 ab
1004 4235 1064 4300 hac
1088 4235 1168 4300 Sede
1191 4235 1380 4317 apostolica

215 4317 399 4385 facultatem
422 4322 601 4387 obtinuerit.
