2946 4942
616 344 655 388 ns
679 343 860 391 mscrrmux.
1253 331 1319 393 205

153 479 277 543 mixtim
301 486 534 544 commorantur
565 481 750 545 catholicam
774 480 950 546 Ecclesiam
973 483 1074 564 magis
1098 483 1259 563 magisque
1282 484 1315 546 in

156 567 226 630 dies
248 565 444 645 labefactari,
477 566 616 632 fidelium
639 586 765 632 suorum
789 587 919 633 nurnero
942 577 976 632 et
999 588 1057 633 sua
1079 571 1263 651 integritate
1285 577 1317 634 et

154 655 346 718 auctoritate
376 654 506 718 diminui
533 660 629 734 atque
660 656 701 719 ad
732 656 953 720 extinctionem
976 658 1057 720 verti
1087 665 1232 737 oportere
1256 657 1315 721 nisi

156 741 263 804 diviua
279 740 481 805 Providentia
495 741 682 806 admirabile
703 742 858 822 quoddam
876 745 904 806 ei
921 743 1140 808 subministret
1156 742 1314 809 auxilium.

261 828 298 891 In
321 828 468 892 Dioecesi
484 828 681 910 Sangallensi
704 828 813 893 ultimo
837 836 997 894 transacto
1020 836 1140 911 septem
1164 848 1317 894 annorum

154 915 260 994 spatio
278 919 341 980 530
366 916 501 995 amplius
523 917 621 980 mixta
635 917 834 980 matrimonia
855 917 936 980 inita
951 916 1079 981 fuerunt
1101 919 1210 999 utique
1225 937 1322 998 prae-¹

155 1003 276 1082 scripta
304 1002 464 1067 Ecclesiae
500 1003 732 1083 dispensatione
762 1006 902 1084 provisa,
936 1005 992 1068 sed
1021 1010 1150 1085 praeter
1184 1023 1222 1068 ea
1251 1022 1315 1068 non

155 1090 288 1170 exiguus
312 1089 415 1154 adhuc
437 1108 587 1155 numerus
610 1090 765 1173 ejusmodi
789 1092 1022 1169 connubiorum,
1047 1110 1128 1172 quae
1143 1093 1193 1154 vel
1209 1109 1316 1156 coram

154 1177 300 1240 ministro
324 1175 525 1240 Protestante
550 1178 725 1242 acatholico
753 1178 816 1241 ritu
840 1179 999 1242 celebrata
1020 1178 1117 1257 fuere,
1141 1180 1214 1259 quia
1237 1197 1318 1261 nup·

153 1265 309 1327 turientes
337 1280 395 1327 nec
422 1267 632 1346 praescriptas
667 1264 830 1329 Ecclesiae
859 1266 1052 1330 conditiones
1080 1265 1224 1346 implere,
1257 1285 1315 1330 nec

153 1349 410 1414 Ecclesiasticam
432 1351 696 1432 dispensationem
721 1352 780 1416 sibi
804 1353 964 1432 acquirere
986 1352 1143 1418 volebant.
1190 1351 1316 1418 Crescit

154 1455 227 1502 cum
249 1455 379 1502 numero
401 1438 518 1502 malurn
543 1439 627 1519 quod
650 1459 667 1503 e
690 1438 795 1503 mixtis
819 1441 981 1504 connubiis
1004 1442 1038 1504 in
1057 1439 1315 1505 Ecclesiasticum

154 1524 298 1589 ordinem
321 1526 446 1606 copiose
469 1526 619 1605 dimanat,
644 1532 676 1590 et
699 1524 826 1591 difficile
848 1527 940 1590 nimis
965 1532 1014 1591 est
1037 1527 1133 1606 dictu,
1156 1545 1313 1608 quaenam

154 1611 197 1676 ad
219 1611 429 1676 cohibendum
451 1612 567 1676 malum
592 1631 729 1694 congrue
751 1613 929 1678 adhibenda
945 1616 986 1678 sit
1008 1614 1141 1692 medela,
1166 1615 1314 1694 quoniam

152 1701 396 1779 ingravescente
419 1701 527 1764 morbo
552 1701 697 1765 acerbius
719 1719 820 1780 aequo
844 1701 971 1781 aliquod
993 1702 1168 1765 remedium
1190 1700 1312 1766 infirmo

152 1784 248 1851 facile
281 1793 389 1867 potest
421 1795 555 1851 mortem
589 1806 720 1871 parare:
755 1787 962 1852 defectionem
1001 1789 1104 1853 dicam
1143 1787 1314 1852 multorum

153 1872 390 1938 catholicorum
418 1874 457 1938 de
479 1873 558 1939 Fide
585 1874 796 1940 manifestam.
848 1874 900 1938 Nil
923 1894 961 1940 ex
990 1883 1083 1957 parte
1112 1894 1183 1940 mea
1205 1893 1315 1956 super·-

153 1961 231 2040 sedi,
255 1979 316 2040 quo
339 1961 455 2024 malum
478 1969 570 2026 etex
594 1981 631 2028 eo
654 1963 817 2027 nascitura
839 1961 981 2044 pericula
1003 1981 1144 2041 arceam3
1173 1962 1313 2027 Litteras

153 2048 344 2128 pastorales
372 2050 622 2129 commonitoria,
657 2050 808 2114 mandata
845 2068 1071 2132 saepenumero
1106 2050 1147 2113 ad
1176 2047 1312 2128 clerum,

152 2134 365 2216 populumque
387 2135 494 2216 direxi,
519 2142 555 2200 ut
577 2138 675 2203 mixta
697 2138 898 2202 matrimonia
921 2138 1209 2218 quomodocumque
1232 2136 1314 2200 cohi-

151 2221 246 2287 beam
269 2228 301 2286 et
324 2223 357 2286 in
386 2222 517 2288 solemni
540 2224 667 2289 decreto
690 2225 927 2304 matrimoniali,
957 2225 1113 2288 dominica
1134 2225 1236 2305 prima
1258 2223 1314 2288 Ja-

152 2309 258 2374 nuarii
281 2311 448 2389 quotannis
471 2311 502 2374 in
533 2311 664 2393 singulis
695 2311 928 2394 parochialibus
951 2310 1103 2376 Ecclesiis
1126 2329 1145 2374 a
1167 2310 1318 2392 parochis·

152 2415 191 2460 ex
213 2396 348 2462 ambone
370 2397 579 2479 praelegendo
604 2405 715 2464 contra
736 2399 874 2464 ineunda
896 2399 1097 2463 matrimonia
1119 2398 1218 2461 mixta
1240 2415 1320 2462 con·

151 2501 250 2565 gruas
278 2502 315 2549 ac
345 2502 471 2550 severas
499 2485 729 2550 admonitiones
757 2485 841 2550 edidi
863 2487 1032 2551 ostendens
1064 2483 1207 2567 pericula
1229 2502 1318 2566 quae>
1371 2559 1376 2573 .

151 2571 267 2636 exinde
289 2572 464 2652 animabus,
489 2574 684 2656 conjugibus,
708 2573 895 2653 familiisque
911 2591 1019 2637 eorum
1034 2577 1217 2638 nascuntur.
1251 2570 1313 2635 Pa-

150 2657 267 2723 rochos
301 2676 424 2740 quoque
458 2659 643 2725 adhortatus
677 2679 762 2740 sum,
798 2667 835 2724 ut
868 2660 978 2724 sedulo
1011 2659 1178 2741 invigilent
1215 2677 1312 2740 super

149 2745 280 2811 familiis
304 2752 400 2826 atque
422 2746 668 2812 adolescentium
693 2748 857 2828 utriusque
881 2765 975 2812 sexus
998 2746 1239 2825 consuetudine,
1271 2764 1319 2809 ne·

150 2832 285 2898 levitate
307 2833 402 2897 animi
424 2833 475 2898 vel
498 2835 681 2900 seductione
702 2835 787 2917 capti
809 2835 907 2898 mixta
930 2834 1086 2900 connubia
1107 2834 1225 2899 ineant.
1260 2832 1318 2896 In-v

151 2927 240 2984 terea
261 2918 337 2983 folia
360 2921 608 3003 dispensationis,
633 2928 669 2986 ut
693 2929 923 3005 nuncupantur,
947 2941 1057 2998 vocuo,
1081 2919 1309 2984 aNuntiatura

152 3007 244 3072 nobis
267 3013 409 3073 retracta
423 3007 560 3088 fuerunt,
577 3028 696 3091 nosque
717 3010 818 3074 coacti
832 3008 964 3090 singulis
987 3008 1107 3073 vicibus
1130 3014 1163 3071 et
1187 3007 1312 3072 casibus

152 3113 211 3176 pro
243 3094 530 3176 dispensationibus
562 3097 602 3160 ad
632 3096 858 3161 Nuntiaturam
878 3095 1110 3160 Duceracascm
1137 3112 1311 3172 recurrere,

152 3181 239 3263 quod
261 3181 354 3246 nobis
377 3183 502 3263 quidem
528 3183 667 3248 laborem
689 3185 794 3261 aucit,
826 3202 993 3247 numeram
1016 3188 1122 3246 autem
1144 3182 1312 3245 mixtorum

153 3267 428 3333 matrimoniomm
461 3290 661 3350 nequaquam
697 3271 820 3334 miroalt.
879 3270 992 3335 Omnia
1026 3269 1123 3351 igitur
1156 3286 1238 3349 quae
1272 3269 1313 3333 ad

153 3356 361 3421 coercendum
395 3356 491 3421 hocce
525 3356 643 3421 malum
671 3357 845 3438 usquedum
878 3357 1081 3433 tentavimus,
1114 3355 1165 3420 vel
1200 3356 1313 3437 exigua

152 3443 243 3523 fruge
265 3442 316 3506 vel
339 3461 467 3524 prorsus
489 3445 648 3508 incassum
670 3451 797 3509 tentata
819 3444 916 3508 fuere.
963 3444 1054 3522 Quod
1076 3461 1113 3507 eo
1137 3444 1237 3523 magis
1260 3443 1313 3504 de-

152 3529 341 3612 plorandum
364 3548 425 3609 quo
449 3531 565 3595 certior
587 3532 732 3613 idemque
748 3530 899 3596 funestior
921 3549 980 3611 pro
997 3530 1141 3595 Ecclesia
1158 3529 1311 3593 catholica

153 3618 185 3680 in
207 3619 278 3682 istis
300 3619 481 3698 regionibus
511 3616 547 3681 fit
569 3637 676 3682 rerum
699 3621 810 3683 exitus.
862 3617 978 3682 Omnia
1000 3635 1134 3696 namque
1156 3634 1214 3697 per
1235 3618 1312 3680 mix-

152 3712 258 3769 torum
282 3705 506 3769 connubiorum
529 3707 812 3771 accumulationem
827 3705 1021 3787 pedetentim
1043 3705 1075 3767 in
1100 3703 1316 3769 ecclesiastico

155 3792 264 3856 ordine
281 3808 397 3871 susque
420 3793 521 3873 deque
536 3799 713 3872 vertuntur,
737 3795 878 3858 exoritur
892 3794 1054 3857 hominurn
1070 3791 1241 3872 generatio,
1259 3791 1314 3871 qui

153 3897 210 3942 nec
234 3878 380 3944 catholici
403 3898 459 3943 nec
483 3886 698 3960 protestantes
730 3888 803 3944 sunt
825 3900 883 3945 nec
906 3880 1002 3943 ullam
1024 3877 1218 3959 Religionem
1241 3894 1314 3958 pro-

154 3965 293 4043 fitentur,
327 3967 410 4047 perit
443 3968 474 4030 in
498 3965 669 4032 Catholicis
704 3987 774 4032 cum
806 3966 868 4031 fide
899 3966 1056 4031 catholica
1087 3966 1187 4029 omnis
1209 3965 1313 4046 pietas

154 4060 186 4119 et
201 4052 306 4117 filialis
329 4053 360 4116 in
376 4061 510 4118 matrem
525 4054 699 4120 Ecclesiam
717 4074 820 4133 amor3
845 4055 982 4135 quinimo
1005 4055 1038 4117 in
1054 4053 1233 4134 oppositum
1247 4053 1269 4115 i.
1284 4069 1315 4116 e.

147 4143 185 4206 ‘in
201 4140 314 4204 ‘odium
336 4143 537 4221 pervertitur.
