2946 4942
160 304 223 364 192
407 349 410 356 .
656 316 823 365 Possumus

181 497 186 503 -
265 461 296 520 4.
331 454 411 520 Cum
445 456 494 521 his
523 456 709 538 praesertim
740 455 935 535 temporibus
966 453 1113 520 formatio
1149 471 1324 538 processus

159 543 316 625 regularis
350 548 383 608 et
413 543 553 608 canonici
587 549 697 608 contra
718 541 879 607 Parochos
908 548 942 606 et
964 541 1174 609 Beneficiatos
1198 542 1323 606 inamo-

156 630 269 695 vibiles
288 648 340 695 res
363 631 405 695 sit
433 631 564 712 periculi
598 630 712 712 plena:
746 633 782 693 ut
809 629 970 694 tribuatur
992 628 1159 715 Episcopis
1182 627 1324 694 facultas

155 718 335 798 praedictos
358 719 467 800 quovis
490 718 639 783 beneficio
663 715 841 797 expohandi
863 717 983 798 absque
1004 714 1131 782 formali
1156 732 1322 800 processu,

155 805 280 884 quoties
305 806 483 870 constiterit
506 805 633 869 eosdem
658 805 737 870 adeo
761 803 872 885 gravia
895 804 1026 869 crimina
1048 811 1261 887 perpetrasse,
1287 806 1323 867 ut

156 892 290 974 abipso
313 893 479 975 Episcopo,
503 891 620 956 auditis
636 891 810 969 ludicibus,
834 891 913 956 illud
935 891 1002 956 sine
1025 891 1176 957 scandalo
1200 891 1322 956 diutius

144 978 292 1044 retinere
316 997 378 1045 non
401 996 495 1061 posse
518 979 729 1056 existimetur3
751 979 795 1043 ita
817 983 926 1044 tamen
948 978 1200 1045 utbeneficiario
1222 978 1323 1044 relin-

154 1070 275 1147 quatur
294 1068 347 1149 jus
369 1066 550 1148 appellandi
573 1066 614 1131 ad
636 1065 668 1132 S.
692 1065 816 1132 Sedem.

263 1158 293 1218 5.
328 1150 407 1218 Cum
430 1171 527 1236 saepe
542 1155 706 1236 contingat
727 1153 811 1218 viros
827 1152 1055 1218 ecclesiasticos
1077 1153 1162 1235 typis
1185 1152 1321 1234 vulgare

155 1240 254 1305 libros
282 1244 338 1306 aut
360 1239 520 1323 opuscula,
543 1241 594 1307 uel
612 1239 764 1306 articulos
786 1240 926 1305 inserere
947 1240 981 1304 in
1003 1240 1111 1306 diariis
1143 1259 1182 1305 ex
1205 1239 1322 1322 quibus

154 1327 359 1410 ignominiam
392 1333 535 1411 captant,
571 1332 604 1393 et
633 1327 785 1393 scandala
810 1328 976 1406 oriuntur3
1009 1332 1045 1392 ut
1073 1328 1131 1392 sub
1165 1327 1321 1410 gravibus

155 1415 266 1498 poenis
299 1415 528 1496 prohibeantur
554 1415 715 1497 quidpiam
746 1415 830 1498 typis
856 1413 988 1497 vulgare
1019 1415 1087 1480 sine
1110 1416 1322 1498 permissione

154 1503 189 1565 c'n
212 1502 347 1582 scriptis
369 1502 500 1568 obtenta
523 1504 563 1569 ab
587 1500 765 1567 Ordinario.

261 1593 291 1653 6.
325 1588 403 1655 (lum
431 1589 616 1673 praesertim
647 1590 680 1654 in
711 1588 806 1654 Itaha
824 1589 891 1672 jam
922 1588 989 1655 lere
1010 1587 1132 1653 nullum
1160 1588 1322 1670 reliquum

150 1676 196 1739 sit
217 1673 403 1741 beneficium
427 1676 558 1758 simplex
581 1677 671 1759 cujus
698 1677 790 1740 titulo
814 1677 883 1757 quis
911 1678 1012 1759 possit
1036 1675 1149 1742 Sacros
1178 1675 1322 1741 Ordines

154 1763 323 1844 suscipere,
348 1782 385 1829 ac
405 1766 501 1846 pauci
522 1764 585 1828 sint
608 1765 661 1845 qui
683 1765 806 1845 possint
828 1762 921 1827 titulo
957 1763 1138 1845 patrimonii
1163 1765 1323 1842 ordinari,

151 1849 320 1932 providere
343 1856 505 1933 oporteret
533 1858 570 1916 ut
593 1851 705 1917 dehinc
727 1851 884 1931 Episcopi,
909 1866 962 1915 eos
989 1851 1074 1916 inter
1098 1849 1240 1916 Clericus
1265 1871 1324 1933 pa-

150 1937 301 2002 trimonio
331 1938 381 2003 vel
407 1938 500 2003 titulo
523 1939 709 2015 destitutos,
740 1944 772 2003 et
795 1935 957 2003 Ecclesiae
987 1938 1162 2003 ministerio
1186 1939 1324 2005 idoneos

151 2030 187 2088 ct
209 2026 410 2105 necessariae,
435 2026 582 2091 ordinare
604 2026 729 2109 possint
750 2024 842 2089 titulo
866 2023 1039 2090 servitutis
1061 2025 1235 2092 Ecclesiae.

171 2128 174 2132 ’
260 2130 320 2194 Die
346 2135 396 2195 19.
418 2129 585 2196 Februarii
610 2135 704 2196 1870.

544 2268 737 2354 †Nicolaus
761 2269 935 2351 Episcopus
958 2267 1210 2335 concordiensis.

628 2492 840 2502 ..φ-*-

629 2505 840 2514 -------

551 2668 584 2752 7.
624 2667 930 2752 Postumum(

209 2823 481 2891 ELECTIONEM
504 2827 588 2892 VEL
611 2825 940 2892 NOMINATIONEM
963 2822 1264 2893 EPISGOPORUM

625 2930 842 2996 ATTINENS.

259 3068 395 3135 Maxime
425 3071 580 3136 salutaria
611 3072 737 3152 quidem
761 3069 934 3136 Concilium
957 3070 1184 3149 Tridentinum,
1208 3070 1316 3155 impri-

152 3157 215 3220 mis
246 3154 330 3222 Sess.
353 3157 468 3226 XXIV.
503 3176 570 3240 cap.
592 3159 618 3224 Ι.
650 3159 689 3224 de
721 3156 871 3237 Reform,
901 3158 1006 3240 quoad
1036 3157 1229 3224 creationem
1260 3175 1315 3224 seu

155 3242 340 3309 electionem
363 3245 592 3328 Episcoporum
615 3250 646 3310 et
669 3243 884 3310 Cardinalium
906 3245 1120 3328 praescripsit.

257 3329 465 3414 Experientia
493 3340 601 3398 tamen
631 3338 714 3398 teste
739 3338 883 3412 constat,
913 3332 1099 3415 apluribus
1122 3332 1314 3414 principibus

153 3418 204 3482 vel
240 3420 495 3501 magistratibus,
530 3422 583 3503 jus
618 3420 799 3508 nominandi
832 3419 885 3485 vel
916 3419 1113 3501 proponendi
1150 3419 1314 3502 episcopos

152 3503 357 3588 habentibus,
387 3507 420 3572 in
443 3507 597 3590 ejusmodi
626 3507 889 3572 nominationibus
920 3508 1013 3587 longe
1035 3507 1138 3571 minua
1161 3506 1317 3573 ecclesiae

154 3591 324 3658 utilitatem
347 3600 381 3660 et
402 3594 579 3660 animarum
601 3595 747 3673 salutem,
771 3612 863 3675 quam
881 3594 944 3658 alia
966 3593 1123 3675 quaedam
1144 3595 1186 3661 ob
1209 3592 1318 3660 oculos

152 3677 274 3758 haberi,
298 3699 378 3762 quae
401 3681 501 3748 fusius
524 3682 712 3749 adumbrare
728 3699 856 3746 necesse
878 3699 941 3746 non
957 3689 1016 3746 est.
1050 3680 1099 3745 Ex
1121 3699 1186 3763 qua
1202 3680 1329 3764 agendi

152 3767 277 3831 ratione
299 3769 441 3851 pericula
466 3771 603 3836 maxima
623 3771 657 3833 in
680 3764 844 3835 ecclesiam
868 3766 986 3833 Christi
1009 3768 1205 3848 redundant,
1236 3786 1326 3850 quae

154 3858 299 3920 avertere
318 3856 368 3920 vel
384 3857 498 3923 saltem
518 3857 704 3922 imminuere
720 3855 947 3922 oecumenicae
959 3855 1054 3938 hujus
1069 3855 1188 3937 Synodi
1203 3872 1330 3921 munus

152 3959 223 4008 esse
240 3961 412 4009 censemus.
444 3943 608 4026 EJusmndi
624 3943 787 4025 synodalia
802 3944 973 4008 constituta
988 3941 1206 4008 fortitudinem
1221 3945 1338 4010 etiam

152 4046 271 4110 augere
299 4036 463 4114 poterunt,
494 4049 558 4112 qua
580 4031 764 4114 Apostolica
792 4029 892 4096 Sedes
915 4030 1182 4096 nominationibus
1213 4032 1337 4096 minus

154 4114 275 4182 idoneis
296 4118 447 4184 resistere
470 4119 573 4184 debet.
944 4152 946 4157 ·

260 4203 363 4280 Quum
385 4224 460 4271 vero
483 4206 515 4270 iu
538 4205 643 4270 indice
666 4205 861 4270 schematum
884 4203 962 4269 nihil
985 4204 1023 4269 de
1046 4204 1235 4287 gravissima
1257 4205 1336 4271 har:

154 4305 190 4352 re
212 4288 398 4371 inveniatur,
433 4291 604 4357 humillime
628 4293 798 4374 subscripti
820 4292 933 4357 Patres
960 4292 1118 4358 instanter
1145 4298 1264 4376 rogant
1285 4297 1329 4357 et:
