2954 4936
158 333 221 393 228
458 380 461 385 ,
663 345 833 395 msruuann

263 483 345 549 Hinc
360 503 428 549 cum
443 484 638 551 vastissimos
652 486 737 550 inter
749 490 870 551 tractus
882 487 1042 568 spirituali
1053 491 1163 553 nostro
1174 485 1321 568 regimini

157 571 352 636 concreditos
376 570 601 651 Mahometani,
625 577 849 653 protestantes,
872 573 1063 646 schismatici
1084 579 1117 639 et
1132 574 1319 644 societatum

158 664 354 724 secretarum
372 657 513 723 fautores
528 658 607 723 nihil
629 678 694 724 non
709 658 891 741 relinquant
905 661 1051 726 inausum
1066 662 1108 726 ad
1119 664 1321 745 juventutem

159 746 361 812 alliciendam
384 751 418 810 et
439 746 698 828 pervertendam,
722 745 816 812 valde
843 747 1018 829 optandum
1045 755 1094 813 est
1126 753 1162 813 ut
1194 746 1321 813 scholas

158 834 362 912 omnimodas,
386 832 669 916 orphanotrophia,
703 833 880 899 seminaria
911 835 1037 917 aliaque
1063 835 1320 920 hujusmodi-in-

157 922 271 986 stituta
292 921 443 1002 majorem
466 921 499 984 in
521 939 685 984 numerum
708 922 886 986 instaurare
902 941 939 987 ac
955 928 1136 987 sustentare
1151 922 1319 1005 possimus,

156 1015 224 1073 tum
247 1009 289 1072 ad
313 1006 492 1072 Catholicos
511 1009 645 1089 juvenes
664 1009 757 1088 juxta
779 1007 810 1074 S.
834 1008 1006 1090 Religionis
1029 1007 1214 1076 Catholicae
1235 1009 1321 1090 prin·

156 1096 239 1177 cipio
261 1095 458 1174 educanda,
483 1099 550 1159 tum
575 1095 616 1159 ad
637 1095 768 1161 idoneos
792 1097 953 1176 operarios
980 1096 1015 1160 in
1037 1095 1206 1162 Dominica
1227 1096 1320 1162 vinea

156 1183 352 1263 instuendos,
378 1189 445 1259 tum
461 1183 559 1248 etiam
575 1183 617 1247 ad
631 1182 808 1249 haereticos
832 1187 864 1247 et
880 1183 1098 1250 schismaticos
1121 1183 1163 1249 ad
1187 1182 1320 1251 unitatis

156 1269 315 1335 duculum
338 1270 543 1335 reducendos.

262 1357 312 1421 Ad
334 1357 418 1422 huno
442 1362 507 1422 tam
530 1356 641 1421 utilem
664 1375 794 1439 scopum
810 1357 1024 1437 obtinendum,
1048 1362 1184 1440 paterna
1200 1357 1320 1442 Summi

157 1442 319 1510 Pontificis
342 1443 561 1509 benevolentia
582 1449 761 1525 vestraque,
785 1444 991 1510 venerabiles
1014 1443 1136 1525 Patres,
1160 1444 1244 1510 hanc
1266 1461 1320 1508 no·

157 1538 256 1598 stram
278 1548 342 1595 non
364 1531 552 1611 dedignetur
583 1531 730 1595 exaudire
752 1531 1010 1613 postulationem,
1041 1546 1105 1612 qua
1135 1531 1320 1613 suppliciter

178 1620 300 1698 alimus,
324 1623 360 1682 ut

156 1640 177 1701 p
266 1708 373 1786 ,Inter
395 1705 535 1785 decreta,
558 1723 640 1786 quae
663 1706 702 1769 de
724 1706 924 1772 missionibus
947 1703 1121 1772 Catholicis
1144 1703 1200 1774 SS.
1217 1703 1319 1771 Oecu-

156 1793 298 1859 manicae
320 1791 445 1874 Synodo
467 1793 641 1857 Vaticanae
663 1797 892 1874 proponentur,
926 1811 1024 1857 unum
1046 1793 1234 1875 adjiciatur,
1259 1809 1318 1873 quo

157 1880 234 1945 Piae
256 1879 380 1961 Operae
402 1879 586 1944 Scholarum
610 1879 821 1944 Orientalium
855 1884 1070 1961 nuncupatae,
1105 1884 1139 1946 et
1171 1878 1318 1968 solemnis

157 1968 197 2032 ab
220 1967 363 2032 Ecclesia
386 1967 580 2032 consecratio
604 1973 636 2032 et
658 1984 739 2031 nova
762 1967 991 2032 commendatio
1014 1967 1205 2034 tribuatur.“

264 2052 456 2120 Condidimus
479 2055 562 2118 enim
584 2051 651 2118 fore
672 2057 708 2118 ut
723 2053 835 2118 exinde
854 2053 994 2118 fidelium
1015 2054 1214 2136 adaugeatur
1236 2053 1317 2119 zelus

158 2149 191 2207 et
213 2143 366 2222 ampliora
387 2141 478 2205 nobis
501 2141 577 2206 Piae
592 2142 716 2221 Operae
738 2141 980 2222 suppeditentur
1002 2142 1144 2206 subsidia
1168 2141 1211 2205 ad
1233 2140 1317 2207 colli·

156 2229 277 2311 gendos
299 2227 462 2309 parrulos,
493 2228 548 2308 qui
569 2246 683 2309 panem
716 2229 802 2292 vitae
836 2233 870 2292 et
897 2227 1077 2293 intellectus
1110 2228 1316 2310 undequaque

157 2321 312 2398 petentes,
336 2332 377 2379 ne
399 2313 497 2378 ullum
518 2315 644 2395 quidem
666 2314 729 2379 huc
752 2333 851 2397 usque
874 2317 1023 2380 invenere
1043 2317 1243 2396 magistrum,
1266 2314 1316 2396 qni

157 2403 398 2485 frangeretur,
421 2402 494 2483 quia
517 2401 641 2467 auxiliis
664 2403 811 2467 destituti
831 2400 947 2466 fuimm
973 2400 1214 2469 sufficientibus.

262 2489 463 2571 Quapropter
483 2489 565 2554 hanc
581 2490 843 2570 spectatissimum
859 2490 997 2570 gratiam
1012 2507 1032 2554 a
1046 2490 1155 2569 Vobis,
1182 2489 1314 2554 Venera-

157 2577 236 2642 biles
259 2576 387 2654 Patres,
416 2581 489 2640 eta
516 2575 570 2642 SS.
594 2575 803 2641 Oecumenioa
825 2575 951 2658 Synodo
983 2577 1145 2642 humiliter
1168 2574 1313 2658 efflagita·

157 2683 237 2744 mus,
262 2682 383 2729 summo
407 2682 477 2727 cum
499 2663 713 2728 venerationis
737 2661 853 2728 affectu
876 2681 933 2729 nos
956 2662 1151 2745 profitentes.

251 2801 338 2866 Huic
358 2803 570 2882 postulationi
592 2802 850 2884 subscripserant
873 2807 915 2866 13
939 2802 1073 2869 Consilii
1096 2802 1222 2869 Patres.

634 3043 842 3050 .--..-.--.-

634 3056 832 3063 ........—..—-—-

538 3273 606 3356 21⁸.
633 3256 938 3355 rosconmon

156 3450 203 3514 IN
225 3447 418 3514 GRATIAM
441 3447 538 3513 ΡΙΑΕ
562 3446 732 3617 ΟΡΕΒέΕ
749 3446 1007 3514 SCHOLARUM
1024 3442 1311 3515 ORIENTALIUM

589 3551 678 3618 NUN
705 3551 885 3618 UPATAE.
1295 3583 1297 3586 >

563 3744 769 3810 Venerabiles
792 3744 923 3810 Patres!

262 3884 455 3967 Praecipuas
485 3883 570 3947 inter
592 3880 850 3949 Christiiidelium
881 3901 996 3965 operas
1026 3901 1122 3964 qnae,
1156 3889 1227 3951 tum
1253 3900 1315 3967 pre

158 3973 260 4053 cibus,
296 3978 364 4037 tum
395 3971 617 4053 eleemosynis,
653 3990 746 4054 opem
779 3971 896 4035 nostris
923 3970 1125 4036 missionibus
1152 3971 1315 4054 perutilem

158 4060 408 4140 subministrant,
431 4056 487 4122 illa
509 4076 590 4140 quae
613 4057 799 4123 Scholarum
815 4055 1024 4122 Orientalium
1047 4077 1164 4124 nomen
1188 4077 1265 4142 prae
1285 4069 1313 4122 se

157 4146 221 4213 fert
243 4146 347 4212 locum
368 4165 387 4210 a
410 4145 555 4228 pluribus
579 4146 692 4210 abhinc
715 4145 805 4210 annis
828 4145 965 4210 obtinuit
987 4164 1051 4222 non
1073 4145 1276 4212 immeritum.

264 4233 352 4299 Haec
374 4239 424 4300 est
447 4233 529 4300 enim
554 4250 645 4314 qnae,
678 4233 874 4314 approbante
897 4231 1014 4297 Sancta
1036 4231 1119 4298 Sede
1145 4233 1313 4316 apostolica

157 4327 192 4390 et
213 4321 366 4404 episcopis
381 4318 570 4402 laventibus,
592 4319 783 4402 multiplices
806 4319 892 4401 apud
905 4336 962 4386 nos
978 4323 1138 4386 sustentat
1158 4318 1312 4404 operarios
