2954 4936
156 292 218 352 216
652 304 818 352 russonum

264 450 292 508 1.
315 446 426 525 Itaque
449 443 600 524 imprimis
615 443 902 524 animadvertimus,
927 462 999 509 cum
1013 462 1077 509 non
1092 445 1184 509 modo
1203 462 1316 510 omnes

155 532 321 599 christiani
347 531 480 596 nominis
503 530 658 610 civitates,
692 549 862 612 omnesque
886 532 1060 611 Dioeceses,
1094 532 1233 613 inques
1256 531 1321 596 dis·

155 620 307 685 tribuitur
329 618 445 684 Sancta
467 617 526 682 Dei
549 617 700 697 Ecclesia,
735 637 845 682 verum
869 620 963 683 etiam
987 635 1095 684 omnes
1118 615 1320 684 Christifide-

155 707 232 773 lium
254 706 407 772 Nationes
429 723 520 769 suum
542 704 681 770 habeant
697 705 866 771 coelestem
887 711 1064 788 patronum,
1088 724 1180 785 quem
1204 705 1320 771 solem-

155 796 238 860 niter
262 793 369 859 colunt
391 798 423 858 ct
445 798 646 871 venerantur,
669 794 702 858 id
724 811 874 873 magnum
897 811 967 859 esse
991 798 1224 875 argumentum,
1260 811 1320 859 cur

155 887 188 946 et
221 887 308 946 totus
342 881 400 944 Dei
430 879 566 962 populus
601 898 772 961 omnesque
806 900 879 946 oves
910 898 1046 962 pascuae
1079 880 1147 960 eius
1179 879 1320 946 debeant

156 968 288 1051 alicujus
321 970 405 1033 inter
430 965 567 1033 Coclites
601 968 776 1049 patrocinio
809 969 1008 1050 potissimum
1041 985 1075 1032 se
1104 969 1315 1045 committere,

156 1075 289 1137 eumque
312 1052 434 1135 magnis
450 1053 622 1120 sollemniis
638 1055 915 1137 communibusque
938 1055 1062 1135 gaudiis
1087 1054 1199 1119 colere.
1237 1054 1319 1119 Bea-

155 1151 223 1208 tum
245 1161 320 1208 vero
344 1142 528 1222 Joceptnrn,
552 1143 670 1207 Beatae
693 1143 815 1207 Mariae
837 1161 961 1224 semper
983 1142 1122 1224 Virginis
1147 1140 1319 1222 Sponsum,

155 1232 238 1295 inter
264 1249 372 1296 omnes
395 1228 532 1294 Caelites
561 1248 634 1295 eum
657 1248 737 1310 esse,
772 1231 825 1311 qui
847 1248 923 1311 prae
947 1230 1058 1295 ceteris
1082 1229 1181 1295 totius
1205 1228 1321 1295 Eccle-

156 1319 223 1384 siae
247 1316 365 1382 Ghristi
394 1323 557 1398 protector
582 1318 770 1399 praecipuus
801 1319 844 1382 sit
871 1317 1114 1396 renunciandus,
1149 1315 1191 1380 ab
1216 1335 1319 1397 eaque

157 1424 288 1487 magnos
312 1405 372 1470 sibi
394 1404 535 1469 vindicet
557 1404 701 1482 honores,
725 1424 816 1469 nemo
840 1410 926 1471 certe
948 1404 1069 1470 inficias
1091 1405 1139 1468 ire
1162 1409 1281 1554 potest.

263 1497 292 1559 2.
321 1492 492 1556 Praeterea
520 1511 591 1557 cum
618 1493 774 1556 innumeri
804 1491 871 1557 iere
900 1494 964 1556 sint
993 1490 1172 1556 Christifide
1186 1509 1230 1570 es,
1265 1491 1319 1573 qui

158 1580 262 1645 divino
286 1579 379 1661 plane
393 1579 545 1643 instinctu
566 1580 599 1644 in
622 1580 689 1660 ejus
704 1580 913 1661 patrocinium
937 1597 1005 1645 sese
1024 1580 1090 1661 jam
1113 1578 1319 1645 contuleruut

156 1669 273 1749 quique
306 1667 582 1732 vehementissime
615 1671 738 1747 optant,
773 1673 809 1731 ut
831 1667 949 1731 multus
983 1667 1082 1731 honor
1112 1667 1147 1730 in
1170 1664 1316 1730 Ecclesia

157 1756 304 1820 universa
325 1755 429 1819 eidem
451 1754 624 1832 habeatur,
659 1772 761 1819 nonne
784 1755 916 1819 maxime
952 1754 1118 1819 convenire
1149 1753 1318 1818 dicendum

158 1846 216 1922 est,
239 1847 275 1906 ut
298 1860 390 1922 quem
415 1843 500 1906 Deus
523 1843 655 1907 Justnnr
677 1841 899 1922 proclamando
922 1840 1114 1921 amplissimo
1137 1839 1318 1906 honestavit

158 1931 332 2010 praeconio,
350 1929 483 1993 eundem
499 1929 647 1994 universa
661 1927 806 1994 Ecclesia
821 1930 941 2008 magnis
963 1929 1110 1993 honestet
1125 1927 1317 1994 honoribus?

264 2021 292 2080 3.
316 2016 427 2097 Atque,
453 2035 524 2081 cum
546 2016 689 2082 Ecclesia
712 2022 743 2081 et
767 2014 921 2095 Christus,
954 2017 1008 2097 qui
1030 2035 1100 2080 eam
1125 2015 1186 2080 sibi
1210 2016 1316 2096 acqui-

158 2105 230 2170 sivit
253 2105 406 2184 sanguine
428 2123 494 2182 suo,
517 2105 584 2169 sint
606 2105 699 2186 qnasi
721 2124 788 2167 nna
807 2123 949 2183 persono
973 2102 1017 2186 (S.
1031 2103 1141 2169 Thom.
1157 2121 1210 2184 qq.
1224 2102 1275 2168 dd.
1286 2120 1313 2183 q.

160 2192 198 2254 de
211 2192 331 2273 gratia)
348 2209 452 2255 nonne
468 2193 544 2257 item
562 2192 714 2269 convenit,
732 2196 767 2254 ut
782 2192 851 2273 ipsa
865 2191 1010 2257 Ecclesia
1026 2192 1058 2255 in
1074 2192 1143 2273 ejus
1158 2191 1315 2272 peculiare

159 2279 387 2359 quodammodo
411 2296 444 2343 sc
477 2280 653 2343 committat
676 2279 892 2359 patrocinium,
927 2298 1020 2359 quem
1044 2277 1190 2343 Christus
1213 2277 1264 2342 hic
1283 2279 1314 2340 in

157 2366 251 2431 terris
266 2368 430 2431 nutritium
453 2366 563 2432 habuit
580 2372 612 2430 et
635 2366 812 2444 custodem3
836 2385 872 2430 ac
890 2367 1015 2431 demum
1030 2371 1066 2430 ut
1082 2366 1194 2430 eadem
1210 2364 1314 2430 Eccle-

159 2455 214 2534 sia,
250 2458 488 2535 quantaquanta
512 2461 569 2532 est,
605 2453 645 2518 ab
669 2471 706 2518 eo
741 2472 931 2535 magnopere
961 2452 1102 2535 postulet
1124 2452 1313 2533 praesidium

159 2548 269 2608 contra
290 2544 472 2606 innumeras
496 2560 624 2606 suorum
651 2541 789 2605 hostium
811 2541 952 2620 insidias,
982 2540 1124 2620 illudque
1147 2558 1181 2604 se
1206 2540 1314 2605 obten-

158 2639 264 2694 turam
288 2628 432 2707 confidat,
458 2631 510 2708 qui
533 2647 665 2711 puerum
682 2629 792 2694 Jesum
815 2629 854 2692 ab
878 2628 998 2692 insidiis
1024 2626 1183 2692 vaferrimi
1207 2628 1314 2691 crude·

158 2717 259 2797 lisque
281 2716 417 2780 Herodis
441 2716 482 2780 ad
505 2734 612 2781 necem
636 2715 717 2779 Eum
741 2717 923 2797 quaerentis
945 2715 1132 2780 incolumem
1156 2713 1314 2779 servavit?

264 2805 315 2868 Ita
337 2803 487 2883 profecto.
914 2808 917 2821 ·

266 2889 300 2955 Si
314 2890 413 2971 igitur
435 2890 485 2953 hic
509 2890 642 2970 supplex
666 2889 790 2954 libellus
815 2895 931 2967 noster,
954 2909 1046 2971 quem
1071 2889 1197 2953 nomine
1224 2889 1318 2952 etiarn

159 2977 357 3043 subditorum
380 2982 559 3043 nostrorum
576 2995 664 3041 sacro
687 2983 719 3041 et
742 2978 994 3058 auspicatissimo
1010 2977 1222 3042 Oecumenico
1238 2975 1325 3043 Con.

159 3064 230 3131 cilio
254 3066 407 3131 Vaticano
430 3062 598 3144 offerimus
633 3066 680 3130 ita
702 3065 838 3146 benigne
861 3065 1043 3145 excipiatur,
1080 3068 1115 3128 ut
1140 3062 1317 3129 Conciliari

163 3151 395 3217 Constitutione
427 3153 630 3233 decernatur,
674 3152 785 3216 dehinc
827 3157 937 3232 terque
971 3158 1147 3232 quaterque
1179 3150 1318 3214 Beatam

160 3240 342 3320 Josepbnin,
376 3240 496 3306 Beatae
520 3239 641 3305 Mariae
673 3258 795 3320 semper
817 3239 956 3320 Virginis
985 3237 1151 3320 Sponsum,
1188 3239 1229 3303 ab
1253 3236 1320 3300 uni·

159 3344 253 3392 versa
274 3326 418 3392 Ecclesia
447 3327 630 3392 solemniter
659 3326 876 3393 honorandum
907 3333 940 3391 et
970 3327 1136 3392 colendum
1159 3343 1230 3389 esse
1251 3331 1321 3389 tan-

159 3432 255 3495 quam
277 3415 417 3479 omnium
434 3412 693 3480 Christifidelium
717 3413 884 3479 coelestem
908 3415 1116 3494 eximiumque
1131 3412 1318 3486 Patronem,

160 3520 217 3583 pro
241 3508 328 3568 certo
357 3502 468 3567 haberi
495 3507 600 3583 potest
630 3520 777 3581 magnam
808 3499 895 3564 illam
925 3505 1128 3582 sanctamque
1151 3499 1318 3575 laetitiam,

160 3607 253 3669 quam
277 3608 369 3654 uerno
393 3589 528 3669 dubitat,
552 3591 626 3670 quin
648 3588 733 3653 idem
756 3586 930 3653 Concilium
952 3590 1017 3654 suis
1034 3586 1319 3653 Constitutionibns

160 3678 202 3742 sit
225 3677 404 3758 allaturum,
429 3677 708 3742 cumulatissimum
731 3675 808 3741 fore.

253 3834 340 3899 Hnic
357 3834 581 3915 postnlationi,
606 3833 763 3899 exhibitae
785 3833 837 3897 die
859 3836 889 3898 9.
914 3831 1035 3897 Martii
1059 3851 1113 3897 on.
1137 3835 1233 3907 1870,

272 3940 532 4020 subscripserint
553 3943 596 4003 43
622 3937 796 4004 Generoles
819 3937 1018 4002 diversorum
1041 3935 1213 4002 Ordinem.

636 4197 794 4204 ...-..-.-.
804 4197 845 4215 ··:=:
