2946 4942
232 357 252 416 4
320 424 323 431 ,
723 373 899 422 Padsrtrto.

230 511 426 593 potissimum
459 529 571 579 causae
601 530 658 577 nos
687 511 886 594 impulerint,
918 518 954 577 ut
983 514 1124 594 ipsorum
1149 513 1388 580 Postulotoram

228 616 474 697 publicationem
499 617 737 698 susciperem,
761 617 863 697 primo
878 617 912 680 in
927 618 1066 682 animum
1088 618 1265 684 induximus
1288 621 1386 702 illam,

229 740 311 803 quae
340 722 423 786 inter
454 721 531 787 haec
552 720 720 787 Postulata
752 726 785 787 et
817 719 949 788 Concilii
978 723 1078 803 ipsius
1108 730 1179 789 acta
1210 727 1387 808 intercedit,

229 828 392 892 rationem.
437 827 519 891 Nam
547 827 625 893 haec
659 833 708 892 est
740 826 911 909 ejusmodi,
947 834 1000 908 ut,
1034 829 1060 894 si
1091 831 1161 910 quis
1193 832 1234 895 ad
1266 837 1386 896 rectam

229 931 360 998 Concilii
391 932 545 998 historiae
573 931 814 1012 intelligentiam
836 934 1001 1014 pervenire
1023 934 1172 1015 voluerit,
1202 936 1230 1000 is
1251 937 1306 1001 illa
1328 938 1386 1005 Po·
1409 940 1432 981 '1

228 1038 347 1102 stulata
375 1037 501 1103 omnino
529 1055 660 1102 noscere
684 1036 806 1102 debeat.
852 1039 916 1118 An,
940 1044 976 1103 ut
998 1039 1057 1105 hoc
1080 1059 1176 1104 unum
1199 1059 1387 1109 commemo·

227 1161 349 1224 remus,
384 1143 527 1224 quisnam
549 1143 667 1222 nescit,
703 1142 805 1224 ipsam
837 1141 1010 1207 infallibilis
1044 1145 1219 1226 magisterii
1253 1148 1386 1213 Romani

226 1246 385 1314 Pontificis
417 1245 642 1327 definitionem,
677 1265 735 1330 pro
764 1266 827 1328 qua
858 1253 1008 1331 tanquam
1038 1250 1265 1331 pretiosissimo
1292 1252 1386 1336 hujus

227 1352 358 1419 Concilii
390 1353 495 1418 fructu
518 1350 693 1417 Christiani
720 1370 841 1432 omnes,
871 1353 925 1435 qui
955 1354 1014 1419 hoc
1046 1357 1170 1420 nomine
1193 1356 1279 1438 digni
1301 1366 1383 1440 suut,

225 1459 454 1541 Benignissime
467 1457 600 1521 Domino
616 1475 654 1521 ex
669 1458 774 1522 animo
789 1475 913 1539 semper
928 1459 1047 1538 gratias
1061 1467 1165 1541 agent,
1183 1480 1221 1526 ex
1235 1463 1385 1543 plurimo·

225 1583 296 1628 rum
319 1562 449 1629 Concilii
478 1562 609 1626 Patrum
639 1562 852 1644 postulatione
881 1568 986 1628 ortum
1016 1564 1156 1630 ducere?
1201 1565 1263 1631 Sed
1286 1569 1384 1634 etiam

225 1670 258 1734 in
291 1687 326 1734 se
355 1671 499 1751 spectata
528 1666 608 1732 haec
630 1666 796 1732 Postulata
825 1669 933 1749 magni
963 1669 1058 1750 pretii
1081 1671 1277 1736 aestimanda
1299 1679 1383 1740 suut.

225 1775 306 1841 Sunt
328 1775 411 1839 enim
434 1772 514 1838 haec
537 1770 667 1838 Concilii
697 1772 883 1837 documenta
913 1774 1009 1838 etiam
1037 1775 1165 1856 egregia
1187 1775 1281 1856 hujus
1304 1783 1384 1843 tem-

224 1880 310 1961 poris
333 1879 482 1945 historiae
499 1876 726 1943 ecclesiasticae
749 1884 959 1943 mortnmentm
997 1878 1078 1944 Nam
1094 1887 1240 1946 auctores
1263 1881 1384 1949 habent

224 1987 428 2052 ecclesiarum
450 1983 610 2048 antist‘tes
641 2000 679 2046 ex
709 1988 777 2048 toto
807 1984 882 2048 orbe
914 1989 1072 2049 terrarum
1101 1988 1134 2049 in
1160 1984 1220 2052 hoc
1243 1984 1382 2054 Concilio

224 2089 434 2171 coadunatos,
459 2089 512 2170 qui
536 2088 628 2154 modo
652 2088 774 2168 singuli,
799 2087 893 2153 modo
917 2089 1153 2171 cumpluribus
1176 2090 1246 2155 aliis
1270 2111 1382 2157 earun-

224 2198 295 2262 dem
319 2196 470 2262 eoclesiae
493 2193 725 2277 provinciarum
749 2194 901 2274 episcopis
925 2195 1085 2278 conjuncti
1114 2195 1164 2260 his
1187 2197 1251 2260 suis
1274 2204 1381 2279 postu-

223 2303 296 2368 latis
328 2301 445 2367 diserte
479 2300 662 2379 enuntiant,
696 2298 885 2379 quibusnam
920 2300 1161 2365 necessitatibus
1192 2302 1225 2365 in
1256 2319 1381 2386 quaque

222 2415 381 2473 terrarum
413 2410 505 2488 parte
540 2403 672 2470 ecclesia
702 2408 880 2485 prematur,
914 2422 934 2468 a
963 2404 1149 2485 quibusnam
1184 2406 1381 2488 potissimum

222 2510 458 2579 medicamentis
491 2510 673 2588 vulnerum,
709 2525 789 2590 quae
823 2509 884 2590 ipsi
915 2509 1035 2575 inflicta
1063 2511 1141 2590 sint,
1173 2512 1297 2577 sanatio
1328 2531 1381 2578 ex·

221 2617 395 2701 spectanda
410 2618 460 2697 sit,
484 2616 670 2696 quibusnam
687 2615 821 2697 denique
845 2614 956 2680 mediis
972 2615 1070 2681 totius
1093 2616 1245 2682 ecclesiae
1261 2617 1380 2686 bonum

221 2724 456 2803 animarumque
486 2720 571 2785 salus
605 2720 810 2803 exipsorum
842 2721 998 2785 sententia
1034 2721 1167 2786 maxime
1200 2727 1380 2804 promoveri

219 2829 328 2911 possit.
386 2826 475 2905 Quae
508 2824 634 2907 quidem
665 2824 817 2909 ejusmodi
853 2830 945 2906 sunt,
980 2830 1016 2890 ut
1050 2825 1194 2891 hodierni
1226 2829 1380 2896 ecclesiae

220 2939 323 3001 status
346 2932 435 2998 nobis
458 2931 562 2996 vivam
586 2931 677 3011 quasi
699 2931 867 3012 imaginem
890 2936 1139 3013 repraesentent.

324 3056 423 3122 Porro
458 3053 624 3120 Postulata
662 3054 742 3119 haec
775 3054 968 3137 generaliter
1006 3061 1148 3136 sumpta,
1188 3074 1379 3140 quamquam

219 3163 355 3244 nrajore,
386 3179 481 3243 quam
507 3179 632 3242 eorum,
666 3160 720 3242 qui
749 3179 788 3224 ea
815 3165 1060 3242 proposuerunt,
1096 3163 1286 3227 auctoritate
1315 3183 1379 3230 non

219 3271 294 3332 suut
326 3267 487 3349 praedita,
524 3266 636 3329 mirum
672 3265 828 3347 quendam
856 3265 1091 3331 ecclesiasticae
1115 3265 1291 3347 doctrinae,
1327 3289 1378 3335 ex·

218 3371 401 3455 parientiae,
426 3371 600 3452 sapientiae
615 3370 800 3436 thesaurum
815 3371 985 3450 continent,
1009 3389 1103 3452 quem
1117 3371 1165 3451 iis,
1190 3373 1303 3453 quibus
1326 3394 1378 3441 res

218 3477 452 3544 ecclesiasticae
488 3475 574 3541 cordi
608 3481 700 3555 sunt,
740 3476 881 3556 aperire,
922 3475 1048 3540 omnino
1090 3494 1207 3557 operae
1240 3479 1378 3558 pretium

218 3581 373 3646 duximus.

322 3705 463 3785 Denique
489 3722 591 3785 neque
620 3705 654 3768 id
685 3702 811 3769 silentio
845 3704 1165 3785 praetermittendum
1197 3710 1262 3784 est,
1298 3706 1377 3773 haec

216 3808 397 3889 Postulata,
424 3811 562 3891 penitius
585 3810 803 3889 considerata,
840 3809 966 3890 largam
985 3809 1075 3874 nobis
1098 3810 1262 3874 materiem
1284 3829 1377 3891 prae·

216 3915 292 3980 bere
321 3915 362 3980 ad
391 3914 588 3979 retundenda
617 3914 681 3979 tela
711 3914 924 3993 inimicorum,
957 3914 1012 3995 qui
1033 3915 1204 3978 teterrimis
1228 3915 1376 3981 conviciis

216 4025 250 4085 et
276 4020 440 4086 calumniis
470 4018 645 4084 Concilium
676 4019 866 4086 Vaticanum
897 4019 1052 4101 impetere
1085 4024 1117 4083 et
1143 4017 1285 4084 lacerare
1313 4040 1375 4088 non

216 4123 374 4191 desinunt.
430 4124 514 4203 Quid
545 4125 650 4192 euim?
706 4124 739 4191 si
772 4125 843 4206 quis
876 4123 957 4189 haec
989 4124 1153 4189 Postulata
1185 4124 1254 4189 sine
1286 4144 1376 4207 prae·

211 4227 357 4310 judicata
377 4230 526 4314 opinione
542 4230 793 4312 perlustraverit,
816 4229 976 4311 quodnam
998 4230 1038 4295 de
1061 4247 1169 4295 eorum
1192 4230 1376 4296 auctoribus

210 4334 365 4419 judicium
391 4333 497 4402 foret?
551 4334 635 4400 Num
664 4352 733 4400 cum
763 4334 834 4400 istis
861 4334 1143 4401 calumniatoribus
1176 4333 1374 4416 abjectorum
