2946 4942
562 344 601 390 uu
624 343 721 390 ausus
744 343 932 391 uoeunmcis.
1282 333 1322 392 69

156 483 244 547 simu
268 482 403 547 Domino
426 483 567 547 unanimi
594 487 668 548 voto
690 482 863 548 humillime
893 483 1103 564 postulamus
1135 488 1171 548 ut
1194 487 1321 566 apertis,

160 569 272 644 claris,
310 587 495 650 omnemque
524 570 752 634 dubitationem
783 570 1019 635 excludentibus
1049 570 1168 649 verbis,
1206 570 1324 636 Summi

160 654 333 736 Pontificis,
358 657 432 721 dum
455 656 574 738 aliquid
596 659 628 721 in
644 656 740 722 rebus
762 656 834 720 fidei
857 663 891 721 et
906 675 1026 720 morum
1050 659 1162 721 statuit
1185 662 1217 722 et
1232 677 1323 740 prae·

154 744 247 826 cipit,
271 742 531 809 infallibilitatem
552 746 585 808 iu
613 744 674 809 hac
697 745 794 810 Sacra
817 743 1028 811 Cacumenica
1051 742 1176 827 syuodo
1200 748 1324 812 sancire

154 835 193 896 et
217 829 349 896 definire
373 833 531 913 dignetur.
581 831 746 910 Rationes,
776 850 858 912 quae
880 850 937 895 nus
960 831 1125 913 impellunt
1148 833 1190 897 ad
1212 840 1323 914 postu·

159 916 289 982 landam
312 919 491 1001 hujusmodi
514 917 737 995 definitionem,
765 919 799 982 iu
821 918 913 995 foliis,
939 937 1018 1000 quae
1043 920 1181 1000 sapienti
1198 921 1320 1002 jndicio

153 1004 277 1070 Sacrae
308 1003 491 1071 Pontificiae
523 1004 797 1086 Congrcgatiouis,
829 1007 880 1072 cui
902 1005 1158 1070 Eminentissime
1189 1008 1322 1074 Domine

155 1110 282 1173 praees,
307 1094 530 1171 submittimus,
554 1095 690 1159 breviter
713 1094 875 1174 expositae
899 1095 1108 1160 inveniuntur.

266 1179 384 1245 Multos
408 1199 425 1244 e
449 1179 596 1245 Patribus
621 1180 759 1258 Consilii,
784 1183 837 1261 qui
860 1182 987 1245 nomina
1011 1199 1069 1245 sua
1092 1181 1240 1263 precibus
1265 1201 1320 1247 uo-

150 1267 245 1347 stris,
263 1267 473 1348 peculiaribus
488 1269 590 1333 causis
606 1268 735 1346 detenti,
760 1287 823 1332 non
839 1275 1062 1350 apposuerunt,
1078 1285 1143 1331 nou
1158 1287 1195 1333 eo
1218 1270 1321 1334 minus

158 1351 373 1419 definitionem
404 1355 498 1436 hujus
520 1355 622 1436 partis
650 1356 812 1419 doctrinae
835 1354 1010 1420 catholicae
1038 1356 1069 1418 iu
1099 1357 1180 1419 votis
1204 1355 1319 1421 habere

157 1448 354 1523 compertum
382 1442 473 1507 uobis
503 1450 568 1520 est;
598 1442 652 1507 alii
675 1461 764 1519 vero,
798 1444 851 1522 qui
881 1443 1072 1508 seutentiam
1095 1460 1185 1506 suam
1210 1451 1317 1508 contra

150 1530 429 1611 opportunitatem
446 1527 635 1594 definitionis
650 1531 831 1610 praedictae
846 1529 963 1610 publici
975 1531 1056 1612 Juris
1071 1527 1220 1608 feceruut,
1238 1533 1318 1596 veri·

155 1618 258 1680 tatem
280 1616 382 1697 ipsam
405 1634 604 1698 nequaquam
634 1618 664 1681 iu
688 1617 816 1682 dubium
844 1635 955 1681 vocare
979 1619 1047 1681 ausi
1071 1624 1160 1694 sunt;
1193 1617 1275 1682 unde
1299 1637 1318 1684 a

157 1702 228 1766 Deo
250 1701 370 1768 lactum
401 1722 470 1768 esse
493 1704 625 1784 videtur,
660 1703 745 1785 quiid
768 1722 838 1768 cnm
869 1705 1032 1768 unanimes
1061 1705 1124 1767 sint
1155 1705 1317 1769 nobiscum

150 1789 242 1855 circa
265 1792 312 1854 rei
328 1792 545 1869 substantiam,
569 1810 764 1856 communem
787 1792 883 1855 etiam
898 1792 1059 1856 nobiscum
1083 1792 1168 1855 nacti
1190 1793 1254 1856 siut
1277 1792 1316 1856 de

149 1879 393 1959 opportunitate
410 1880 614 1958 sententiam;
639 1897 696 1942 nos
720 1881 802 1942 enim
817 1880 937 1959 pariter
959 1897 1022 1942 non
1038 1886 1249 1960 opportunam
1264 1879 1316 1942 de·

149 1961 329 2030 finitionem
352 1983 421 2031 esse
441 1965 627 2046 judicamus,
651 1965 707 2030 sed
721 1967 806 2032 omui
830 1966 888 2030 sub
911 1973 1058 2047 respectu
1073 1966 1317 2032 ineluctabiliter

152 2069 378 2119 necessariam.
408 2102 410 2104 .

261 2139 388 2204 Placeat
401 2140 507 2220 itaque
523 2141 719 2205 Eminentiae
736 2141 869 2205 Vestrae
886 2139 1188 2218 Reverendissimae
1206 2159 1315 2221 preces

153 2223 213 2290 has
236 2233 362 2292 nostras
385 2227 520 2308 benigne
543 2233 695 2308 excipere,
726 2236 820 2308 atque
844 2233 879 2291 ut
903 2246 922 2292 a
946 2227 1153 2292 Sacrosancto
1177 2227 1314 2293 Concilio

155 2312 311 2378 Vaticano
335 2315 479 2379 doctriua
510 2316 548 2380 de
570 2314 703 2379 Romani
727 2313 887 2381 Pontificis
911 2314 1131 2379 infallibilitate
1155 2316 1315 2380 sanciatur

148 2403 188 2463 et
211 2399 389 2480 definiatur,
413 2421 433 2466 a
454 2402 629 2467 Sarictitate
653 2401 717 2466 Sua
740 2404 920 2484 impetrare.

260 2489 379 2555 Datum
402 2489 521 2556 Romae
547 2490 597 2554 die
623 2495 673 2555 28.
698 2489 842 2576 Januarii
871 2494 961 2553 1870.

576 2629 741 2710 ,Antonius
764 2628 876 2694 Petrus
898 2629 951 2693 Ill.
976 2627 1102 2692 Hassuu

536 2716 723 2781 Patriarcba
746 2714 919 2780 Ciliciensis
943 2717 1183 2788 Arineuurum„

312 2853 489 2920 Miecislaus
511 2855 743 2928 ,Ledochowski
766 2856 914 2939 Arcbiep.
937 2855 1093 2921 Gnesueu.
1118 2859 1151 2920 et
1174 2853 1312 2919 Posnau.

582 2943 730 3009 Poloniae
755 2942 886 3008 Primos.

273 3425 413 3492 ‘SACRO
436 3424 633 3493 CONCILIO
656 3426 933 3493 OECUMENICO
948 3426 1180 3541 ΙΣῙΑΤΙΟΑΝΟο

304 3570 333 3629 Α
358 3566 456 3632 Sacra
479 3567 685 3633 Oecumenica
712 3566 836 3650 Synodo
860 3567 1014 3631 Vaticana
1037 3564 1226 3648 infrascripti
1249 3565 1309 3630 Pa·

360 3661 425 3718 tres
458 3655 631 3720 humillime
667 3655 885 3734 instanterque
921 3653 1078 3735 flagitant,
1114 3660 1149 3718 ut
1179 3655 1307 3734 apertis,

361 3758 546 3822 omnemque
580 3742 745 3807 dubitandi
782 3742 886 3807 lucum
924 3741 1164 3806 excludentibus
1201 3742 1307 3806 verbis

359 3829 482 3893 sancire
516 3829 591 3893 velit
612 3846 805 3911 supremam,
836 3829 972 3910 ideoque
996 3828 1035 3893 ab
1066 3846 1174 3894 errore
1197 3829 1306 3891 immu-

358 3933 431 3981 nem
453 3933 522 3981 esse
545 3917 678 3982 Romani
700 3914 861 3982 Pontificis
884 3916 1117 3994 auctoritatem,
1154 3932 1250 3995 quum
1271 3915 1305 3978 in

358 4002 453 4068 rebus
476 4000 549 4068 lidei
572 4011 603 4068 et
625 4022 747 4069 morum
769 4023 808 4069 ea
831 4003 944 4068 statuit
967 4022 1004 4068 ac
1026 4003 1194 4083 praecipit,
1222 4019 1307 4082 quae

360 4090 400 4154 ab
430 4091 575 4155 omnibus
607 4089 870 4156 Christilidelibus
905 4089 1060 4154 credenda
1092 4093 1124 4153 et
1156 4088 1301 4170 tenenda,
1360 4152 1369 4160 e

356 4195 476 4257 quaeve
498 4178 668 4259 rejicienda
691 4183 722 4242 et
746 4176 923 4242 damnanda
944 4177 1017 4242 siut.

304 4315 392 4380 Huic
407 4310 624 4397 postulationi
646 4317 904 4396 subscripserant
924 4320 988 4381 369
1012 4313 1151 4395 concitati·
1174 4315 1302 4381 Patres.
