2946 4942
618 335 658 382 oa
680 334 861 384 sumansu.
1257 319 1317 381 ltu

159 477 265 558 idque,
298 480 450 557 quantum
480 473 550 541 fieri
578 473 710 557 poterit,
745 472 958 551 communiter,
993 471 1060 537 sive
1090 471 1125 536 in
1157 473 1319 538 seminarii

159 564 289 648 majoris
314 563 459 642 aedibus,
493 563 559 628 sive
590 562 623 627 in
645 561 755 643 quovis
786 560 848 626 alio
871 558 941 625 loco
973 559 1028 641 qui
1051 559 1092 624 ad
1120 558 1202 624 hunc
1224 558 1318 626 finem

157 653 261 735 aptior
283 651 451 716 videbitur.

155 843 197 908 Iu
219 842 385 909 exercitiis
406 839 634 922 spiritualibus
659 839 919 922 presbyterorum
945 838 1117 917 facultates
1139 839 1317 906 latissimae

514 944 721 1025 confessarius
744 943 966 1009 couccclcuclac.

260 1067 442 1133 Facultates
463 1066 651 1145 latissimae,
683 1069 751 1128 tum
774 1063 880 1146 quoad
902 1081 994 1128 casus
1017 1068 1211 1146 reservatos,
1243 1071 1312 1131 tum

150 1155 259 1237 quoad
282 1172 432 1221 censuras
455 1158 487 1219 et
509 1152 771 1235 irregularitates,
795 1151 1021 1232 impertiendae
1037 1155 1150 1230 essent,
1174 1170 1237 1217 non
1259 1171 1318 1234 per

152 1242 320 1322 indultum,
350 1243 407 1307 sed
429 1260 486 1324 per
508 1241 637 1306 modum
670 1239 878 1304 concessionis
901 1237 1057 1318 generalis
1079 1242 1111 1303 et
1133 1246 1314 1322 perpetuae,

152 1327 354 1395 confessariis
388 1329 428 1394 ab
462 1328 627 1410 Episcopis
654 1325 834 1409 specialiter
869 1325 1041 1406 designatis
1072 1325 1111 1390 ad
1141 1327 1315 1393 audiendas

149 1415 366 1483 confessiones
388 1416 588 1481 sacerdotum
610 1412 825 1496 spiritualibus
849 1412 1007 1477 exercitiis
1029 1413 1064 1476 in*
1084 1415 1239 1478 communi
1260 1432 1316 1480 va·

153 1504 303 1569 cantium.
359 1503 451 1568 Hanc
474 1503 624 1584 gratiam,
655 1503 687 1566 in
711 1499 850 1566 Concilio
874 1501 1042 1578 Vaticano,
1076 1499 1315 1583 abenignitate

149 1590 183 1657 S.
206 1589 368 1657 Pontificis
391 1591 521 1656 concedi
543 1594 725 1655 reverenter
747 1587 937 1669 postulatur.

311 1781 363 1846 De
384 1782 451 1846 uita
474 1780 631 1845 commuui
652 1779 689 1843 iu
712 1776 804 1845 Olera
827 1779 988 1844 saeculari
1006 1778 1155 1858 fucata.

259 1920 338 1986 Cum
359 1920 438 1985 nihil
460 1922 502 1986 sit
524 1921 556 1984 in
580 1918 793 1985 ecclesiastica
815 1918 981 1999 disciplina
1004 1924 1037 1984 et
1059 1919 1186 2000 spiritui
1208 1921 1314 1988 Eccle-

151 2009 231 2086 siae,
268 2013 301 2072 et
333 2009 470 2089 antiquis
501 2008 685 2086 canonibus,
720 2011 752 2071 et
783 2006 933 2087 exemplis
967 2010 1149 2071 sanctorum
1182 2013 1312 2088 patrum

151 2097 253 2177 magis
288 2113 471 2174 consonum,
507 2113 601 2176 quam
638 2093 712 2157 Vita
736 2094 909 2158 communis
941 2091 1152 2171 Clericoruu,
1189 2113 1228 2158 ex
1250 2115 1313 2177 qua

151 2183 307 2248 maximae
342 2187 428 2247 certe
462 2181 713 2263 multiplicesque
746 2179 903 2261 profluere
936 2186 1111 2246 noscuntur
1145 2181 1310 2264 utilitates,
1408 2238 1410 2242 ,

149 2274 218 2334 tum
241 2288 300 2350 pro
327 2288 449 2334 morum
480 2269 665 2351 integritate
696 2267 796 2332 tutius
819 2267 987 2347 servanda,
1015 2271 1086 2356 tum
1114 2271 1312 2351 propietate

148 2363 182 2422 et
204 2358 339 2422 scientia
362 2357 489 2422 uberius
512 2355 700 2434 excolendis,
725 2360 792 2419 tum
815 2374 873 2438 pro
897 2372 986 2418 sacro
1008 2355 1185 2422 ministerio
1208 2359 1310 2438 magis

148 2444 349 2510 concorditer
371 2450 405 2509 et
434 2443 593 2509 fructuose
616 2442 799 2520 exercendo,
829 2441 1017 2506 adhortetur
1040 2441 1212 2507 Concilium
1235 2445 1312 2528 Epi·
1371 2498 1373 2503 .

149 2549 261 2612 scopos
285 2537 328 2610 ut,
353 2532 560 2612 quantumin
583 2529 717 2595 Domino
740 2529 876 2610 dabitur,
903 2529 976 2594 huic
999 2535 1129 2596 sanctae
1153 2531 1311 2597 communi

145 2615 334 2684 clericorum
357 2619 442 2683 vitae
462 2617 570 2683 favere
592 2616 768 2682 omnimodo
791 2622 949 2698 satagant.

256 2705 475 2789 Quapropter:
514 2712 544 2769 1ο
576 2703 741 2784 statuant,
777 2740 816 2750 -
848 2704 946 2768 utin
976 2703 1084 2768 multis
1112 2704 1310 2770 dioecesibus

142 2791 268 2874 jamdiu
300 2792 350 2873 fit,
388 2830 424 2840 —
463 2792 621 2874 quoslibet
650 2790 868 2873 paroeciarum
901 2791 1034 2857 vicarios
1063 2810 1134 2857 cum
1161 2791 1310 2874 parochis

148 2878 228 2960 suis,
263 2881 323 2946 sub
352 2881 462 2946 eodem
489 2884 574 2946 tecto
608 2880 796 2943 commorari
829 2878 956 2957 debere,
992 2884 1024 2942 et
1050 2879 1151 2943 eidem
1181 2897 1309 2946 mensae

146 2966 302 3031 assidere.
349 2973 381 3030 2⁰
403 2967 610 3033 Sacerdotum
632 2965 840 3031 saecularium
864 2966 1150 3046 communitatibus
1173 2967 1224 3031 vel
1247 2967 1308 3047 piis

146 3053 341 3134 quibuslibet
376 3055 610 3134 sodalitatibus,
649 3054 708 3118 sub
743 3054 874 3118 diversis
908 3052 1017 3118 formis
1055 3072 1093 3119 ac
1130 3053 1307 3118 nominibus

147 3139 303 3207 institutis
319 3141 369 3207 vel
390 3141 603 3222 instituendis,
627 3159 749 3206 omnem
772 3138 911 3205 favorem
928 3146 960 3205 et
976 3141 1112 3222 gratiam
1134 3145 1307 3223 praestent

150 3230 181 3293 3ο
202 3227 291 3293 Nihil
314 3229 439 3294 demum
462 3228 624 3310 negligant
656 3234 688 3294 et
709 3228 901 3292 intentatum
923 3227 1112 3309 relinquant,
1136 3232 1173 3292 ut
1196 3226 1307 3295 Glerus

147 3314 318 3385 sunaus
340 3335 359 3381 a
382 3322 531 3398 separato
561 3315 615 3379 illo
638 3320 670 3379 et
693 3314 835 3379 solitario
857 3315 984 3380 vivendi
1007 3315 1109 3395 modo,
1138 3316 1193 3396 qui
1214 3316 1307 3382 nimia

148 3419 287 3469 amorem
319 3405 480 3487 proprium
503 3403 600 3484 sapit,
632 3403 674 3467 ad
697 3401 976 3479 cohabitationem,
1008 3403 1201 3486 convictum,
1234 3421 1307 3469 cou-

146 3491 364 3641 gociationem,
397 3510 478 3572 quae
501 3490 667 3558 caritatem
695 3489 839 3555 redolent
861 3493 894 3555 et
925 3490 1031 3555 unioni
1052 3489 1172 3572 lavent,
1201 3493 1307 3556 trans-

159 3582 275 3645 oratur.

288 3751 339 3818 Dc
361 3719 531 3818 uuiliciuru
552 3753 586 3816 iu
611 3752 754 3818 domibus
775 3751 974 3818 sacerdotum
994 3751 1165 3830 surculata.

249 3873 437 3940 Sacerdotes
460 3894 480 3940 a
503 3876 644 3942 domibus
670 3876 735 3940 suis
758 3875 809 3940 vel
831 3892 961 3956 prorsus
984 3873 1172 3938 famulatum
1194 3873 1306 3938 mulie·

148 3976 214 4025 rum
243 3962 428 4041 excludant3
462 3963 513 4028 vel
545 3964 572 4027 si
604 3963 743 4043 aliquam
771 3962 933 4027 mulierem
963 3963 996 4027 in
1023 3960 1172 4026 lamulam
1195 3959 1306 4024 haberi

148 4063 274 4114 necesse
304 4048 416 4129 luerit,
449 4049 585 4133 eligatur
619 4050 806 4130 quaesitae
836 4051 877 4114 sit
900 4050 1024 4113 omnino
1053 4047 1304 4130 probatissimae,

147 4130 311 4218 famaeque
342 4138 577 4220 integerrimae,
611 4155 668 4202 nec
699 4142 807 4202 aetate
835 4138 937 4201 minor
966 4153 1061 4217 quam
1094 4134 1306 4216 quadraginta

148 4223 244 4304 annis,
267 4224 330 4288 nisi
353 4225 395 4288 sit
416 4242 455 4289 ex
476 4225 515 4289 iis
538 4224 679 4306 proxime
702 4225 852 4304 cognatis,
881 4241 960 4304 quas
983 4222 1024 4288 ab
1047 4222 1184 4304 antiquis
1207 4224 1307 4289 etiam

144 4311 316 4377 canonibus
339 4329 412 4377 cum
433 4313 629 4394 presbyteris
651 4311 795 4377 habitare
818 4308 1004 4377 catcessum
1026 4314 1109 4376 erat.
1156 4372 1159 4376 .
