2946 4942
54 378 60 382 ¹
160 299 220 362 106
660 310 829 359 eosrunara

261 448 294 514 Si
322 467 397 532 ergo
430 450 516 515 Deus
546 450 645 515 voluit
673 468 743 515 esse
771 449 877 532 plnres
907 450 1086 516 Potestates
1113 450 1146 515 in
1169 448 1323 516 Ecclesia

157 556 215 603 sua
238 537 414 619 spirituales
444 536 563 602 scilicet
590 543 621 602 et
652 537 858 619 temporales,
890 554 943 602 eas
974 553 1099 619 quoque
1121 537 1223 603 uoluit
1247 553 1318 602 esse

156 627 239 691 inter
262 643 296 689 se
318 625 480 690 ordinatas
511 630 543 689 et
566 623 706 706 gladium
733 625 791 689 sub
822 623 937 707 gladio.
952 624 979 708 1)
1030 625 1132 707 Igitur
1154 622 1321 691 Ecclesiae

157 714 249 777 unius
282 712 456 792 ethnicae,
488 732 584 779 unum
608 730 731 795 corpus,
763 731 862 778 unum
885 717 997 794 caput,
1027 731 1091 778 non
1115 712 1177 777 duo
1200 712 1318 793 capita,

156 802 246 882 quasi
268 805 453 880 monstrum,
478 799 622 866 Christus
645 800 800 880 videlicet,
825 806 858 866 et
881 798 1000 865 Christi
1023 800 1210 877 llicarius.²)
1258 795 1318 864 Cui

154 893 244 954 tanto
269 888 432 954 vicariatu
454 887 608 969 fungenti,
632 893 664 953 et
686 888 779 954 unico
794 887 1000 970 plenitudinis
1016 887 1216 969 Apostolicae
1241 885 1320 951 hac-

156 975 223 1041 redi
245 993 301 1041 nos
319 976 445 1057 quidem
468 976 679 1054 inhaerentes
703 995 722 1040 a
744 992 806 1058 quo
829 980 863 1040 et
884 976 953 1058 ipse
972 976 1183 1057 Episcopatus
1205 978 1319 1038 noster

155 1064 329 1146 emergiti)
354 1082 426 1129 cum
447 1063 595 1145 lacrymis
618 1081 746 1129 oramus
768 1070 801 1129 et
823 1065 1031 1145 deprecamur
1051 1064 1085 1127 in
1106 1061 1167 1127 hac
1189 1058 1317 1144 Synodo

155 1151 337 1216 solemniter
361 1158 561 1231 congregata,
587 1169 742 1215 summum
758 1151 859 1215 Deum
881 1170 918 1217 ac
942 1151 1076 1230 Patrem,
1101 1155 1138 1215 ut
1160 1149 1317 1213 illuminet

153 1236 380 1319 intelligentias
404 1239 543 1303 omnium
567 1245 599 1303 et
622 1239 718 1304 corda
741 1237 860 1319 Spiritu
882 1237 999 1303 Sancto
1024 1237 1097 1316 Suo,
1122 1254 1158 1302 eo
1183 1235 1257 1316 fine,
1280 1243 1317 1300 ut

155 1343 263 1390 omnes
286 1325 414 1390 tandem
430 1332 550 1407 gentes,
575 1331 607 1390 et
628 1327 747 1406 Regna,
772 1331 805 1390 et
819 1326 936 1407 populi,
961 1329 994 1391 et
1015 1326 1160 1389 nationes
1177 1329 1209 1389 et
1224 1341 1316 1405 reges

153 1420 269 1492 terrae,
293 1413 407 1493 quibus
431 1413 628 1477 coadunatur
660 1421 693 1476 et
716 1412 889 1478 coadunari
921 1413 1016 1478 dehet
1038 1413 1165 1477 unicum
1189 1409 1314 1493 ovile4)

154 1500 280 1564 Domini
304 1499 413 1564 Nostri
444 1499 523 1564 lesu
545 1496 664 1563 Christi
695 1500 752 1565 sub
776 1499 910 1565 Pastore
933 1519 994 1565 uno
1018 1499 1121 1581 Ipsius
1144 1497 1315 1581 Vicario‚⁵)

154 1587 204 1651 cui
227 1586 355 1651 easdem
378 1604 486 1651 omnes
502 1590 576 1651 oves
600 1604 673 1650 suas
690 1587 852 1664 commisit,
877 1605 950 1652 vere
974 1593 1006 1651 et
1026 1587 1117 1668 plene
1141 1589 1317 1668 agnoscant

155 1672 317 1738 Domuum
347 1673 570 1753 Apostolicorum
601 1680 763 1755 tamquam
785 1674 913 1740 Patrem
944 1676 1083 1739 omnium
1106 1674 1258 1739 Gentium
1284 1677 1317 1738 et

154 1759 383 1843 Episcoporum
416 1762 513 1826 totius
546 1760 705 1826 Ecclesiae
715 1763 740 1839 ⁶)
776 1764 899 1844 etjam
930 1779 993 1827 non
1026 1760 1161 1842 amplius
1184 1761 1316 1826 circum·

153 1847 295 1912 ferantur
310 1849 394 1913 omni
409 1852 502 1913 vento
520 1849 726 1931 doctrinael)
750 1850 806 1913 sed
829 1850 869 1915 ab
891 1851 961 1929 ipso
977 1848 1154 1930 dirigantur
1176 1848 1209 1912 in
1232 1848 1316 1919 uiam

154 1933 268 1999 salutis
291 1942 453 2015 aeternae,
478 1941 510 2000 et
534 1936 578 2000 sic
598 1937 757 2017 justitiam
780 1942 814 2001 et
828 1937 996 2001 veritatem
1012 1936 1203 2018 sectantes⁸)
1227 1940 1316 2001 tran-

153 2027 245 2086 seant
275 2040 333 2103 per
367 2022 567 2104 temporalia,
601 2028 638 2087 ut
671 2022 870 2104 tranquillam
904 2024 1002 2088 vitam
1029 2029 1161 2104 agentes
1185 2027 1317 2089 aeterna

153 2127 216 2174 non
249 2112 434 2192 unitatum)
465 2111 605 2174 adeum
633 2117 832 2176 recurrentes
862 2111 944 2174 bona
979 2110 1140 2174 voluntate
1163 2114 1315 2192 tanquam

153 2195 195 2260 ad
228 2194 392 2260 Arbitrum
426 2203 459 2262 et
491 2196 636 2262 Judicem
662 2199 693 2261 in
726 2198 871 2262 omnibus
904 2199 998 2263 rebus
1031 2215 1114 2279 quae
1140 2197 1317 2279 impediunt

154 2300 263 2348 eorum
292 2290 475 2364 perpetuam
498 2284 672 2366 pacem.1⁰)
726 2283 851 2350 Interea
873 2283 1067 2350 confidentes
1098 2283 1222 2350 divinae
1243 2303 1315 2367 pro·

153 2370 311 2435 videntiae
335 2370 459 2448 auxilio,
492 2389 572 2452 quae
596 2376 720 2436 tantam
744 2372 814 2437 orbi
836 2371 1018 2437 felicitatem
1041 2372 1240 2452 intempore
1263 2390 1315 2452 op

152 2463 287 2540 portuno
310 2459 503 2539 praestabit,
542 2477 664 2524 errores
693 2459 725 2524 in
749 2459 807 2524 hac
835 2464 927 2541 parte
950 2466 983 2526 et
1009 2477 1176 2541 perversas
1200 2458 1316 2541 agendi

152 2545 293 2610 rationes
315 2543 483 2627 prodigere
506 2547 689 2625 statuimur,
722 2564 843 2612 necnon
866 2554 898 2611 et
926 2545 1067 2628 profiteri
1091 2565 1129 2611 ac
1153 2544 1316 2612 declarare

152 2633 209 2697 lus
233 2631 382 2697 Gentium
412 2638 445 2697 et
474 2631 673 2698 Pontificium
708 2634 792 2698 circa
819 2635 897 2699 Rem
920 2633 1092 2699 Militarem
1120 2638 1152 2699 et
1182 2632 1315 2711 Bellum,

153 2720 247 2784 sicuti
270 2718 457 2801 profitemur
480 2724 513 2786 et
535 2719 733 2786 declaramus
755 2721 788 2784 in
812 2719 965 2802 Capitulis
989 2720 1204 2801 sequentibus.

513 2981 754 3076 onmrmuu
778 2983 957 3050 Paruum,

497 3123 548 3189 De
580 3123 834 3190 solemnitatibus
868 3123 966 3189 Belli.

259 3261 316 3326 Jus
342 3261 492 3328 Gentium
516 3265 599 3330 circa
622 3282 688 3329 rem
711 3265 879 3331 militarem
903 3271 935 3331 et
957 3265 1079 3332 Bellum
1114 3270 1189 3330 ante
1209 3265 1315 3332 omnia

155 3349 286 3430 requirit
308 3349 447 3416 solemne
462 3350 604 3428 uentu)
638 3351 721 3417 Hinc
736 3351 855 3417 bellum
878 3354 1028 3441 injustum
1049 3359 1108 3433 est,
1132 3371 1169 3418 ac
1183 3354 1315 3435 proinde

263 3562 283 3694 ἐς
302 3557 396 3680 pcffist
416 3557 503 3613 Unam
523 3558 660 3626 Sanctam,
679 3560 712 3613 de
733 3560 889 3627 hlajoritate
908 3569 936 3614 et
956 3560 1127 3614 ohedientia.

192 3765 198 3776 .
262 3699 282 3759 ³)
302 3671 429 3778 Epistola
446 3698 654 3779 innocentii.
678 3699 713 3752 ad
738 3696 886 3781 Concilium
913 3699 1139 3780 Carthaginiense
1163 3698 1220 3767 (91.
1242 3700 1314 3754 inter

155 3773 237 3889 peffi
253 3769 410 3904 ἓχιέξιὲἔὶῑιιίιι,
429 3784 480 3821 sic:
507 3785 523 3821 a
542 3785 595 3834 quo
616 3784 675 3834 1pse
695 3769 879 3836 Eprscopatus
899 3777 925 3823 et
943 3777 1003 3822 tota
1022 3778 1173 3823 auotoritas
1194 3770 1313 3824 nominis

191 3852 202 3903 J
262 3907 286 3961 ‘l
304 3879 388 3960 toan..
404 3905 436 3959 X.
458 3909 498 3987 ¹⁰.-
518 3915 545 3961 et
564 3922 620 3973 seq.
695 3909 716 3975 ὁ)
734 3907 776 3962 De
793 3908 957 3975 Maioritate
976 3916 1003 3962 et
1021 3908 1180 3962 obedientia
1198 3909 1249 3962 loc.
1270 3910 1312 3966 cit.

261 3980 285 4043 ⁶)
306 3975 392 4030 Prout
410 3974 531 4030 definivit
551 3976 678 4045 Pelagius
698 3978 732 4031 ll.
759 3977 873 4032 Constit.
894 3979 1051 4044 alioutsesto,
1079 3979 1147 4032 Item
1167 3980 1313 4048 episcopus

155 4045 240 4097 totius
259 4046 341 4113 orbis,
362 4045 389 4099 C.
409 4045 456 4097 Ad
473 4045 603 4100 hortorum
620 4053 645 4100 4.

244 4116 284 4179 ·⁷)
302 4114 405 4182 Ephes.
426 4116 470 4168 lV.
491 4120 531 4170 14.
605 4117 626 4182 ⁸)
646 4116 723 4170 Rom.
744 4117 791 4173 lX.
811 4120 853 4170 30.
926 4121 947 4185 ⁹)
967 4117 1062 4172 Oratio
1082 4117 1231 4172 Ecclesiae.

253 4184 285 4247 ¹⁰)
304 4184 343 4238 ld.
361 4185 444 4238 Feria
463 4185 500 4238 Vl
517 4186 546 4239 in
565 4186 724 4242 Parasceve.

156 4320 209 4375 diet
240 4253 352 4374 lufihis
376 4255 495 4308 militare
525 4263 565 4308 est
584 4256 653 4309 Belli
678 4257 811 4311 inferendi
831 4256 998 4326 solemnitas,
1019 4300 1025 4314 .
1044 4301 1050 4313 .
1071 4299 1076 4309 .
1097 4257 1178 4316 Decr.
1198 4263 1222 4312 l.
1242 4263 1312 4327 part
