2946 4942
607 343 647 388 on
670 341 850 390 orscrrmua.
1248 330 1314 391 185

149 482 205 542 aut
228 480 348 545 nullam
371 482 511 561 solvant3
546 481 593 547 ita
615 482 699 546 enim
724 480 876 546 caderent
898 481 1052 564 injuriosa
1074 480 1130 544 1110
1151 481 1184 545 10
1206 479 1319 545 11001οι

147 567 227 630 siam
253 567 401 649 obloquia
424 587 504 650 quae
520 586 755 648 nonnumquam
779 568 941 633 occasione
957 567 1106 632 similium
1129 567 1312 632 audiuntur.

256 671 292 738 B.
328 673 377 736 Au
410 673 442 736 10
472 672 680 738 concedendis
711 671 998 753 dispensationibus
1031 673 1216 754 praecaveri
1249 666 1350 736 non*

147 759 252 838 possit
282 761 433 840 temporis
465 760 671 842 dispendium,
707 760 882 824 animarum
914 759 1010 824 soluti
1033 760 1223 841 quandoque
1246 765 1313 824 tam

144 847 287 912 noxium.
344 846 481 928 Tempus
511 867 539 911 v.
562 866 592 928 g.
623 848 670 912 ita
700 846 894 927 deperditur,
929 847 1054 927 quando
1085 853 1158 911 ante
1189 847 1316 927 dispen-

145 934 282 997 sationis
306 935 537 999 concessionem
553 935 687 1015 exigitur
709 935 867 1015 separatio
883 935 976 1000 unius
998 934 1050 1000 vel
1072 930 1203 998 duorum
1227 952 1317 998 men-

144 1021 241 1096 sium,
277 1039 338 1100 quo
372 1022 475 1103 spatio
506 1021 613 1103 elapso
644 1040 807 1086 recurrere
837 1027 970 1103 possunt
993 1028 1144 1100 oratores
1180 1039 1313 1102 quorum

143 1107 277 1171 interim
310 1111 445 1173 maxime
479 1109 613 1174 interest
636 1127 692 1191 pro
726 1110 848 1173 animae
877 1127 954 1174 suae
988 1108 1099 1187 salute,
1135 1113 1171 1172 01
1202 1127 1313 1189 quam-

142 1195 286 1276 primum
306 1197 491 1278 jungantur.
531 1197 618 1260 Idem
642 1196 763 1260 obtinet
786 1195 910 1276 quando
934 1214 952 1260 e
975 1196 1150 1261 dicasteriis
1174 1197 1314 1260 romanis

142 1281 375 1362 respondetur:
411 1284 565 1366 creperico,
601 1282 651 1347 vel
685 1303 749 1347 noo
779 1278 891 1363 0110001
924 1283 975 1348 001
1008 1283 1249 1361 aooecpeotre
1280 1285 1313 1346 10

145 1370 277 1435 casibus
300 1372 334 1434 10
357 1369 471 1450 quibus
488 1369 678 1435 sufficientes
702 1369 818 1433 adsunt
840 1371 1043 1453 dispensandi
1058 1371 1209 1447 rationes,
1233 1375 1266 1434 et
1280 1371 1313 1434 in

142 1456 265 1536 quibus
298 1466 412 1538 postea
440 1458 585 1539 equidem
607 1456 673 1522 fere
701 1476 825 1538 semper
858 1457 959 1522 altera
987 1457 1038 1522 vel
1067 1458 1160 1522 tertia
1183 1454 1315 1521 offertor

143 1543 307 1624 supplicae
339 1563 375 1608 ac
399 1545 524 1609 demum
549 1546 731 1610 conceditur
760 1544 962 1625 dispensatio,
997 1544 1071 1608 dum
1093 1545 1214 1608 interea
1236 1551 1315 1608 tem·

143 1632 239 1713 poris
262 1631 355 1712 plura
371 1633 534 1697 commissa
556 1631 684 1696 fuerunt
699 1640 831 1712 peccata
846 1633 908 1695 imo
925 1648 1159 1710 nonnumquam
1182 1632 1215 1695 10
1229 1630 1312 1695 malo

142 1724 238 1783 statu
267 1715 465 1783 obfirmatum
498 1720 615 1785 habent
645 1721 783 1783 animum
817 1725 969 1798 00010003,
1005 1719 1059 1799 001
1088 1719 1156 1799 jam
1180 1718 1315 1782 civiliter

140 1811 386 1887 contraxerunt,
421 1825 457 1870 ac
488 1806 594 1871 forsan
625 1825 732 1871 vocem
765 1806 893 1887 parochi
929 1823 983 1871 003
1014 1806 1055 1868 acl
1085 1805 1313 1887 poenitentiam

139 1893 294 1960 10000113
317 1893 427 1957 audire
451 1895 586 1976 amplius
609 1894 729 1976 nolunt.

258 1996 291 2064 C.
327 1999 376 2061 An
399 1998 535 2064 obtineri
566 2018 629 2064 000
652 1999 752 2080 possit
782 1998 823 2062 ab
845 1997 908 2061 illis
932 1997 986 2077 qui
1007 1997 1040 2061 10
1064 1995 1159 2062 Curia
1181 2015 1316 2061 romana

143 2085 440 2166 dispensationibus
457 2086 663 2151 concedendis
687 2103 814 2166 operam
831 2085 918 2164 dant,
942 2093 978 2148 ut
1000 2086 1150 2167 majorem
1173 2083 1313 2164 aliquam
1417 2109 1419 2112 ⁴

140 2172 290 2238 habeant
320 2175 475 2238 rationem
505 2175 696 2239 motivorum
726 2191 806 2254 quae
836 2173 868 2236 in
899 2171 1042 2253 supplica
1070 2171 1249 2253 allegantur
1272 2172 1313 2236 ab

142 2259 337 2338 Ordinariis,
362 2261 416 2341 qui
438 2279 495 2341 pro
518 2261 656 2326 locorum
672 2266 705 2324 01
727 2278 833 2324 rerum
856 2259 1011 2340 adjunctis
1033 2260 1142 2339 utique
1165 2259 1313 2323 censendi

142 2353 225 2413 3001
248 2353 284 2411 01
306 2349 408 2412 minus
432 2347 631 2428 aliquatenus
647 2348 832 2428 intelligere,
856 2346 931 2427 quid
955 2365 1052 2410 00000
1068 2345 1207 2410 fidelium
1230 2347 1312 2410 bono

143 2434 308 2517 spirituali
331 2435 487 2515 expediat.
521 2435 585 2500 Res
608 2434 820 2500 illustrabitur
842 2433 994 2513 exemplo.
1030 2432 1147 2514 Magna
1170 2432 1312 2512 quando-

168 2539 211 2586 ue
240 2539 311 2586 cum
339 2521 525 2587 difficultate
554 2523 713 2587 obtinetur
741 2520 935 2602 dispensatio
965 2521 998 2584 10
1020 2520 1244 2603 impedimento
1268 2517 1317 2584 af*

142 2540 284 2685 10111113
300 2610 394 2695 primi
414 2611 532 2690 gradus
547 2610 688 2691 aequalis
704 2609 808 2674 lineae
824 2607 1016 2673 collateralis
1033 2616 1102 2673 0010
1118 2625 1158 2671 ex
1172 2607 1311 2687 legitimo

142 2698 362 2762 matrimonio.
417 2696 498 2762 Sunt
527 2702 634 2762 tamen
665 2697 819 2778 regiones,
855 2695 925 2760 loca
947 2700 978 2760 et
1001 2695 1257 2760 circumstantiae
1279 2693 1313 2758 in

143 2783 266 2867 quibus
289 2785 330 2849 ad
354 2785 519 2866 spirituale
543 2790 576 2849 et
598 2783 771 2865 temporale
788 2788 949 2848 oratorum
971 2783 1088 2848 bonum
1109 2781 1187 2846 nibil
1209 2782 1316 2862 magis-

144 2872 339 2954 quandoque
363 2872 535 2952 optandum
559 2877 652 2953 03301,
687 2890 780 2952 quam
804 2876 841 2934 ut
862 2889 890 2933 v,
914 2888 943 2950 g.
967 2869 1091 2948 viduus,
1125 2869 1311 2950 praesertim

147 2959 178 3024 31
201 2977 265 3024 000
288 2961 330 3024 311
353 2959 448 3039 (11003,
484 2960 596 3024 ducere
620 2960 720 3039 possit
744 2957 912 3023 defunctae
940 2957 1046 3021 uxoris
1069 2974 1219 3034 sororem,
1254 2961 1311 3019 aut

145 3047 246 3112 vidua
268 3047 387 3111 nubere
411 3053 506 3128 queat
528 3045 618 3110 fratri
642 3044 781 3110 defuncti
804 3044 918 3108 mariti.
957 3044 1038 3108 Dein
1061 3044 1157 3107 nimia
1180 3043 1212 3105 10
1228 3044 1312 3124 ejus-

144 3134 236 3199 modi
258 3133 414 3216 adjunctis
438 3133 641 3216 dispensandi
672 3131 864 3208 difficultate,
896 3133 988 3214 juxta
1010 3131 1118 3195 thema
1140 3146 1236 3210 supra
1260 3148 1318 3192 ex-

144 3222 296 3303 positum,
321 3221 444 3286 0000131
467 3221 607 3302 peccatis
631 3239 709 3286 0030
731 3219 910 3302 praebetur.

259 3325 297 3388 D.
319 3325 368 3389 An
390 3344 524 3406 aequum
547 3344 610 3390 non
633 3326 674 3390 sit
696 3331 741 3404 ut,
766 3323 930 3389 deficiente
952 3323 1064 3404 copula
1087 3321 1208 3387 carnali
1230 3321 1312 3386 10100

147 3417 305 3494 00010003,
339 3418 372 3478 01
392 3413 531 3496 periculo
555 3417 735 3479 contractus
758 3411 865 3490 civilis,
897 3417 1058 3491 tamquam
1081 3409 1233 3475 motivum
1255 3408 1318 3473 im·-

146 3498 272 3585 pellcns
300 3501 342 3565 ad
371 3500 636 3581 dispensationem
665 3499 907 3578 concedendam,
942 3499 1130 3563 admittatur
1159 3496 1320 3560 instantia.
1367 3536 1369 3539 -

144 3588 271 3670 proprii
294 3586 463 3653 Ordinarii.

256 3677 361 3755 Atque
383 3675 462 3740 baec
484 3674 568 3739 dicta
590 3674 662 3752 sint,
687 3673 842 3738 neminem
865 3672 1014 3754 carpendi
1037 3670 1221 3747 1010011000,
1255 3669 1321 3734 scd.

149 3762 272 3827 animas
303 3762 445 3826 salvandi
473 3767 506 3826 et
536 3760 763 3827 malevolorum
794 3759 1008 3826 oblocutiones
1039 3756 1229 3839 impediendi
1257 3756 1320 3820 de·-

151 3849 278 3915 siderio.

712 4004 749 4069 V.

257 4143 393 4225 Expleto
421 4142 560 4210 Concilio
585 4143 747 4221 Vaticano,
784 4142 982 4206 committere
1012 4139 1087 4204 velit
1108 4136 1225 4203 SSmos
1248 4137 1320 4203 Do·-

154 4230 262 4307 minus,
287 4231 362 4296 viris
385 4233 417 4295 10
440 4232 539 4296 300013
564 4228 744 4295 Canonibus
766 4229 908 4306 versatis,
942 4245 1056 4292 munus
1078 4225 1242 4307 redigendi
1263 4225 1313 4289 in·

155 4323 276 4400 tegrum
299 4318 495 4399 complexum
518 4318 623 4400 legum
646 4317 939 4396 ecclesiasticorum,
971 4316 1005 4379 iu
1027 4332 1141 4378 novum
1172 4312 1320 4378 codicem.
