2946 4942
156 306 198 371 26
529 320 719 368 consummo
743 321 915 368 nooumrcs

155 482 283 529 suorum
318 462 452 543 principi
485 460 620 526 lactum:
654 460 725 543 Epo
752 462 866 543 ropaci
883 480 947 540 pro
970 467 1013 538 tc,
1042 467 1078 525 at
1100 482 1165 526 roca
1187 462 1315 542 deficiat

154 551 235 632 doles
258 558 322 626 tao,
346 556 375 614 ct
398 555 433 614 to
456 547 629 630 oliqcoado
654 565 821 612 conversus
843 549 998 628 condrino
1018 548 1141 625 fratres
1157 554 1234 614 taos.
1243 552 1266 626 1)

259 637 329 701 Hoc
352 637 449 718 igitur
470 635 615 700 veritatis
631 640 663 698 et
678 633 751 699 fidei
766 654 829 700 non
845 632 1019 700 deficientis
1043 636 1201 701 charisma
1216 636 1312 701 Petro

155 725 283 807 ejusque
317 724 349 788 in
383 723 443 787 hac
465 722 626 787 cathedra
649 724 883 787 successoribus
907 723 1056 787 divinitus
1080 722 1229 788 collatum
1253 729 1310 801 est,

154 817 191 876 ut
222 811 342 876 excelso
377 828 433 875 suo
468 828 598 875 munere
630 809 663 873 in
686 812 825 874 omnium
848 808 984 874 salutem
1012 810 1236 892 fungerentur,
1276 819 1312 876 ut

154 899 319 964 universus
344 897 460 962 Christi
483 916 560 978 grex
583 914 639 978 per
662 915 714 961 eos
739 898 778 961 ab
802 898 918 962 erroris
941 916 1100 963 venenosa
1127 917 1199 964 esca
1223 918 1314 965 aver·
1355 912 1362 930 ‘

154 1003 216 1065 sus,
241 985 384 1050 coelestis
407 986 571 1050 doctrinae
595 983 705 1064 pabulo
730 986 917 1063 nutriretur,
933 991 970 1049 ut
990 986 1117 1050 sublata
1133 987 1312 1051 schismatis

152 1074 317 1140 occasione
341 1072 483 1136 Ecclesia
505 1078 574 1136 tota
587 1090 652 1134 una
667 1077 907 1137 conservaretur
919 1078 1014 1153 atque
1032 1090 1087 1137 suo
1104 1072 1312 1139 fundamento

153 1162 259 1226 innixa
282 1158 372 1224 firma
395 1160 545 1224 adversus
569 1157 661 1223 inferi
684 1168 793 1240 portas
816 1162 1012 1226 consisteret.

259 1249 376 1312 Atvero
412 1265 481 1311 cum
516 1245 574 1311 hac
607 1248 675 1326 ipsa
709 1253 830 1324 aetate,
866 1265 928 1327 qua
950 1246 1114 1311 salutifera
1137 1247 1311 1328 Apostolioi

154 1337 293 1400 muneris
327 1332 467 1400 efficacia
500 1333 550 1398 vel
573 1335 706 1397 maxime
728 1335 920 1414 requiritur,
950 1352 1012 1399 non
1034 1337 1128 1415 pauci
1149 1336 1312 1400 invenian-

154 1429 214 1502 tur,
239 1424 292 1502 qui
316 1422 399 1486 illios
422 1421 605 1486 auctoritati
629 1420 829 1499 obtrectant3
858 1424 1068 1486 necessarium
1092 1423 1218 1486 omnino
1242 1440 1313 1486 esse

153 1527 337 1586 censemus,
362 1509 635 1590 praerogativum,
668 1525 761 1588 quam
796 1509 974 1589 unigenitus
1010 1509 1068 1573 Dei
1105 1504 1210 1574 Filius¹
1239 1528 1312 1575 cuno

153 1615 273 1662 summo
307 1596 459 1677 pastorali
495 1593 595 1659 officio
631 1596 823 1677 conjrmgere
857 1596 1005 1676 dignatus
1040 1601 1106 1675 est,
1132 1596 1315 1661 solemniter

153 1702 303 1749 asserere.

257 1771 369 1851 Itaque
393 1769 458 1834 Nos
481 1769 645 1834 traditioni
669 1788 688 1833 a
703 1767 776 1834 fidei
790 1768 986 1834 Christianae
1002 1770 1129 1835 exordio
1142 1776 1312 1850 perceptae

152 1858 288 1923 fideliter
310 1856 502 1923 inhaerendo
526 1857 567 1921 ad
590 1856 648 1920 Dei
672 1855 846 1921 salvatoris
869 1858 969 1921 nostri
991 1857 1132 1937 gloriam,
1149 1858 1311 1940 religionis

154 1945 337 2011 Catholicae
368 1946 591 2009 exaltationem
623 1950 655 2008 et
678 1942 930 2008 Christianorum
953 1945 1141 2026 populorum
1163 1946 1310 2024 salutem,

152 2050 241 2099 sacro
258 2033 451 2113 approbante
468 2029 615 2110 Concilio,
628 2031 776 2096 docemus
792 2037 824 2095 et
841 2030 989 2096 divinitus
1005 2032 1179 2097 revelatum
1195 2033 1312 2113 dogma

152 2138 221 2186 esse
238 2118 420 2184 definimus:
437 2120 614 2184 Romanum
629 2117 822 2198 Pontificem,
840 2137 913 2184 eum
929 2138 967 2183 ex
983 2118 1143 2185 Cothedra
1156 2119 1310 2200 loquitur,

151 2207 184 2272 id
207 2214 271 2285 est,
289 2225 357 2271 oum
382 2207 520 2269 omnium
544 2204 795 2270 Christianorum
809 2205 948 2271 Pastoris
968 2212 1002 2270 et
1018 2206 1165 2272 Doctoris
1179 2226 1312 2272 munere

151 2292 295 2377 fungens,
320 2311 376 2374 pro
400 2311 547 2374 suprema
570 2310 628 2357 sua
650 2293 832 2374 Apostolica
856 2295 1046 2359 auctoritate
1069 2293 1246 2359 doctrinam
1271 2295 1311 2360 de

151 2380 213 2446 lide
247 2381 298 2445 vel
329 2381 468 2446 moribus
497 2380 537 2445 ah
569 2380 716 2445 universa
739 2380 883 2446 Ecclesia
905 2381 1076 2445 tenendam
1100 2381 1228 2458 definit,
1252 2401 1312 2463 per

151 2470 364 2534 assistentiam
389 2467 534 2541 divinam,
558 2468 618 2549 ipsi
641 2468 673 2530 in
695 2468 790 2532 beato
813 2468 908 2533 Petro
930 2468 1132 2549 promissam,
1158 2487 1195 2533 ea
1219 2468 1311 2534 infal-

151 2554 297 2621 libilitate
327 2554 462 2637 pollere,
496 2573 559 2635 qua
593 2555 716 2618 divinus
739 2555 932 2636 Redemptor
954 2554 1129 2620 Ecclesiam
1164 2574 1253 2620 suam
1277 2558 1312 2620 in

152 2642 327 2708 definienda
351 2641 495 2706 doctrina
517 2642 556 2705 de
578 2639 641 2706 fide
662 2642 712 2705 vel
735 2642 876 2707 moribus
899 2642 1086 2708 instructam
1110 2661 1178 2709 esse
1193 2643 1312 2724 uoluit3

151 2729 283 2811 ideoque
316 2728 470 2811 ejusmodi
494 2729 627 2793 Romani
651 2727 811 2795 Pontificio
845 2727 1040 2815 definitiones
1056 2749 1102 2795 ex
1125 2749 1214 2812 sese,
1247 2749 1312 2815 non

151 2823 259 2882 autem
282 2835 320 2881 ex
343 2833 496 2882 consensu
517 2814 682 2881 Ecclesiae
704 2816 947 2882 irreformabiles
971 2834 1049 2882 esse.

257 2903 288 2969 Si
312 2903 382 2984 quis
406 2909 513 2968 autem
536 2902 608 2968 huic
632 2902 768 2968 Nostrae
791 2902 965 2970 definitioni
981 2905 1206 2985 contradicere,
1224 2907 1312 2987 quod

151 2991 238 3056 Deus
261 2996 397 3070 avertat,
421 2991 687 3072 praesumpserit3
710 2990 881 3057 anathema
904 2994 955 3058 sit.

151 3151 222 3158 -—--—
229 3147 286 3158 —·-⁴
297 3149 361 3156 --—·-

260 3215 280 3283 1)
301 3216 365 3270 Luc.
386 3215 472 3270 Xllll.
493 3219 534 3271 32.
