2954 4936
502 317 541 363 nn
564 315 662 363 nunus
684 315 872 365 uoomrrcvs.
1223 301 1265 365 63

18 532 23 539 ,
107 456 201 523 modo
215 454 378 521 audenter
392 455 575 535 ostendunt,
597 454 812 520 immediatam
827 455 887 519 Dei
905 454 1055 519 visionem
1079 455 1267 521 natmaliter

107 560 285 626 repugnare
309 541 494 624 cuicumque
509 542 683 608 intellectui
706 547 811 608 creato
826 539 873 624 (S.
889 541 946 608 Th.
968 547 994 605 1.
1011 561 1042 624 p.
1057 560 1086 623 q.
1106 547 1156 608 12.
1172 560 1202 608 a.
1215 545 1265 623 ·4‚)

103 633 142 696 ct
169 629 268 695 multo
300 630 403 712 magis
431 630 549 695 homini
576 631 609 694 in
638 635 725 695 stata
747 631 831 707 aiae,
860 635 897 694 ut
922 628 1094 711 loquuntur
1116 628 1267 711 Theologi

107 716 223 802 (S.Th
225 717 332 784 ..ibid
356 737 385 783 a.
418 723 467 782 11.
497 723 528 781 ιι
554 736 606 799 qq.
639 717 691 784 dd
726 716 765 782 de
794 717 870 783 Ver.
901 735 931 797 q.
964 721 1014 784 13.
1043 736 1073 782 ι.
1105 715 1169 800 3.);
1209 716 1266 783 sed

104 810 274 886 praeterea
304 804 437 883 docent,
471 805 598 871 unicam
630 823 701 871 esse
731 805 815 869 viam
846 823 908 887 qna
930 804 1069 869 humana
1091 823 1180 870 mens
1204 804 1265 871 Dei

103 893 317 975 cognitionem
338 894 502 994 acquirere
526 897 640 973 potest,
665 892 802 958 ethane
823 909 885 955 non
908 909 977 957 esse
999 891 1094 956 aliam
1109 910 1206 973 quam
1228 897 1266 958 ut

106 980 238 1062 incipiat
272 980 355 1045 ab''
335 998 374 1046 us
397 998 479 1062 quae
501 979 586 1046 facta
609 985 694 1059 sunt,
730 997 788 1043 seu
810 998 830 1044 a
852 979 1018 1060 creaturis,
1053 984 1086 1044 et
1116 983 1266 1061 assurgat

106 1068 271 1150 arguendo
301 1068 342 1132 ad
375 1067 584 1149 cognitionem
608 1068 676 1133 Dei.
722 1065 843 1132 Sufficit
829 1068 898 1131 tin
925 1085 959 1131 re
982 1067 1145 1132 notissima
1167 1085 1265 1133 unum

106 1154 158 1219 vel
189 1155 325 1221 alterum
352 1154 383 1221 S.
413 1155 553 1220 Thamae
580 1155 682 1222 locum
714 1154 864 1221 indicare.
918 1155 955 1218 ln
977 1173 1028 1235 qq.
1051 1155 1104 1219 dd.
1128 1155 1168 1219 de
1190 1156 1264 1222 Ver.

105 1261 136 1324 q.
162 1248 212 1309 18.
236 1261 264 1307 ι.
289 1248 318 1307 2.
343 1245 403 1308 ait:
442 1241 525 1321 „Nos
559 1243 654 1308 aliter
676 1243 779 1307 Deum
808 1247 918 1306 notum
951 1241 1070 1307 habere
1100 1261 1162 1306 non
1192 1259 1265 1325 pos·

106 1347 225 1409 sumus,
249 1330 309 1394 nisi
332 1349 370 1394 ex
393 1331 546 1396 creaturis
569 1331 611 1395 ad
634 1332 702 1413 ejus
724 1329 871 1394 notitiam
886 1329 1079 1395 veniamus.“
1118 1328 1161 1394 Et
1176 1329 1264 1396 Sent.

106 1419 142 1482 L.
169 1423 197 1484 1.
222 1418 296 1482 dist.
321 1422 350 1482 3.
374 1436 404 1499 q.
431 1424 458 1484 1.
509 1417 690 1497 „Naturalis
713 1418 793 1482 ratio
817 1435 878 1481 non
902 1417 1065 1499 cognoscit
1080 1416 1183 1481 Deum
1204 1416 1265 1482 nisi

106 1507 348 1570 excreaturisss
396 1504 492 1570 Juxta
506 1505 538 1570 S.
554 1505 666 1570 Patres
682 1505 741 1570 Dei
764 1504 901 1586 cognitio
923 1505 956 1567 in
978 1504 1039 1570 hac
1061 1504 1129 1568 vita
1144 1505 1265 1585 acquiri

105 1609 168 1657 non
191 1596 306 1674 potest,
329 1592 391 1658 nisi
413 1599 469 1658 aut
490 1611 547 1676 per
568 1591 663 1659 fidem
687 1598 742 1657 aut
764 1610 821 1673 per
842 1595 1060 1673 argumentum
1077 1591 1266 1657 acreaturis

106 1678 284 1760 deductum,
309 1685 346 1745 ut
367 1679 474 1761 legere
496 1688 544 1745 est
560 1681 645 1763 apud
660 1680 827 1745 Patavium
840 1678 949 1745 Theoi.
966 1678 1045 1760 Dog.
1068 1677 1104 1744 L.
1130 1685 1157 1743 7.
1183 1697 1209 1742 c.
1236 1684 1265 1743 1.

104 1765 257 1849 Theologi
278 1764 351 1849 post
373 1769 541 1833 ductorem
566 1768 717 1834 librorum
740 1767 779 1831 de
796 1767 917 1832 Divinis
940 1766 1116 1832 nominibus
1140 1766 1209 1834 Lib.
1234 1769 1264 1833 1.

105 1872 133 1922 c.
159 1860 188 1920 7.
212 1855 368 1936 triplicem
403 1856 528 1920 modum
562 1860 709 1921 statuunt
742 1872 804 1936 quo
837 1854 896 1918 Dei
929 1854 1067 1935 cognitio
1102 1874 1122 1919 a
1150 1853 1264 1920 creatis

105 1941 200 2006 rebus
225 1942 407 2023 deducitur,
442 1943 564 2009 scilicet
589 1963 651 2023 per
680 1943 840 2022 effectam,
871 1960 933 2021 per
954 1942 1171 2020 remotionem,
1202 1962 1265 2021 per

105 2048 276 2094 excessum.
321 2029 393 2095 Jam
426 2049 499 2096 vero
528 2049 726 2112 quocumque
756 2030 850 2094 modo
880 2029 1054 2110 explicetur
1084 2030 1266 2094 immediata

105 2116 165 2180 Del
194 2118 344 2218 cognitio,
381 2136 419 2183 ea
447 2135 572 2270 semper
606 2116 711 2182 differt
697 2117 961 2218 atcognitione
995 2117 1092 2200 argui
1094 2117 1174 2194 tiro
1208 2132 1265 2181 seu

104 2203 289 2268 deductiva:
323 2206 399 2285 quia
420 2206 472 2270 iat
470 2207 551 2270 uitro
574 2205 755 2270 etdeduct
742 2225 774 2269 ao
797 2211 872 2269 sunt
894 2203 956 2269 duo
981 2204 1168 2286 cognitionis
1191 2221 1265 2285 pro·

106 2301 213 2356 cesam
250 2292 436 2357 diversit
403 2298 436 2357 et
469 2295 614 2374 oppositi.
675 2292 738 2374 Igit
740 2311 778 2355 ur
811 2292 993 2359 immediata
1024 2292 1083 2357 Dei
1117 2291 1268 2372 cognitia·

106 2383 279 2460 utcumque
312 2380 501 2462 explicetur,
536 2380 705 2462 opponitur
736 2380 835 2444 doct
795 2384 899 2444 trmae
922 2379 1052 2443 Patmm
1082 2384 1116 2443 ιι
1102 2378 1265 2444 t-Schola

87 2466 264 2533 sticarum.

210 2553 533 2619 Animadvertendum
555 2556 692 2636 insuper,
717 2554 847 2620 Sanctus
864 2553 976 2618 Patres
1000 2557 1033 2617 et
1052 2552 1263 2619 scholasticos

103 2641 226 2720 docere,
250 2659 432 2722 processum
455 2641 539 2706 hunc
562 2662 583 2706 ιι
601 2642 777 2720 posteriori
801 2660 871 2707 esse
892 2641 1117 2720 necessarium,
1142 2659 1206 2706 non
1228 2644 1265 2705 ut

104 2727 286 2795 immediata
302 2729 362 2794 Dei
384 2730 520 2810 cognitio
536 2747 616 2809 quae
638 2728 775 2794 humano
792 2728 968 2794 intellectui
989 2728 1181 2793 naturaliter
1214 2728 1264 2792 in-

104 2833 175 2881 esse
206 2816 322 2881 dicitur
352 2816 438 2882 clara
464 2822 498 2881 et
528 2816 679 2894 distincta
703 2817 921 2882 tantummodo
944 2815 1114 2896 reddatur,
1151 2815 1207 2881 sed
1229 2822 1267 2882 ut

103 2902 243 2968 humana
264 2922 353 2969 mens
375 2904 417 2969 ad
433 2903 492 2968 Dei
514 2905 725 2986 cognitionem
740 2905 904 2986 perveniat
919 2904 1049 2987 ejusque
1065 2904 1264 2969 existentiam

102 2995 214 3056 contra
236 2991 348 3056 atheos
372 2992 588 3057 demonstrare
610 2993 725 3073 possit:
749 2996 786 3056 ut
808 2998 916 3073 aperte
938 2996 1029 3075 patet
1050 2999 1120 3056 tum
1143 3010 1181 3056 ex
1202 2989 1264 3056 fine

102 3095 199 3159 quem
222 3078 282 3143 sibi
306 3083 504 3162 proponunt,
528 3084 597 3144 tum
620 3097 656 3143 ex
680 3079 773 3144 modo
796 3097 858 3160 quo
881 3096 954 3144 suas
978 3079 1264 3144 demonstrationes

103 3163 285 3231 conficiunt.
336 3165 407 3231 Jam
441 3185 516 3232 vero
550 3165 752 3232 immediatae
775 3167 834 3231 Dei
859 3165 1047 3249 cognitionis
1081 3164 1263 3231 defensores

101 3251 182 3317 illud
203 3253 406 3333 contendunt,
431 3254 637 3334 probationes
652 3273 766 3335 nempe
787 3274 810 3316 ιι
826 3253 1003 3334 posteriori
1024 3253 1207 3319 aPatribus
1231 3258 1265 3318 et

99 3339 321 3406 Scholasticis
342 3341 540 3421 caeterisque
562 3341 727 3421 Theologis
762 3359 820 3423 pro
854 3341 1022 3406 existentia
1056 3341 1115 3405 Dei
1149 3340 1263 3406 allatas

101 3427 210 3492 valere
243 3427 370 3509 quidem
398 3447 456 3509 pro
478 3429 610 3510 periodo
631 3428 747 3494 reflexa
770 3434 803 3494 et
825 3427 1027 3507 secundaria,
1063 3433 1100 3492 ut
1130 3428 1189 3510 ipsi
1219 3428 1263 3494 lo·

101 3521 252 3597 quuntur‚
276 3535 339 3581 non
361 3522 469 3580 autem
492 3535 549 3597 pro
573 3517 694 3581 directa
660 3522 750 3582 tet
772 3517 890 3599 prima:
918 3516 1048 3582 hoct
1000 3520 1048 3580 est
1070 3534 1133 3579 non
1156 3516 1263 3582 valere

101 3601 145 3666 ad
175 3602 452 3668 demonstrandam
476 3605 535 3669 Dei
559 3604 773 3685 existentiam,
797 3604 852 3668 sed
875 3603 976 3669 solum
999 3603 1041 3668 ad
1064 3601 1263 3669 efficiendam

99 3688 219 3755 claram
243 3696 277 3754 et
299 3690 478 3756 distinctam
501 3691 713 3773 cognitionem
734 3656 821 3756 ill’am
842 3691 1066 3770 immediatam,
1078 3709 1153 3773 qna
1172 3691 1264 3773 juxt

98 3777 189 3858 ipsos
211 3778 316 3843 anima
338 3784 448 3842 nostra
471 3783 528 3843 nat
514 3778 625 3844 turalit
611 3784 661 3844 ter
682 3780 828 3861 praedita
851 3784 909 3845 est.

658 4006 713 4071 IV.
734 3992 736 3995 ⁸

207 4125 325 4192 Omnes
347 4127 499 4210 Theologi
525 4127 672 4193 catholici
702 4147 766 4195 non
787 4127 881 4193 modo
908 4147 947 4193 ex
968 4129 1068 4193 sacris
1091 4126 1262 4209 Scripturis

96 4217 133 4280 et
153 4212 187 4281 S.
210 4213 360 4281 Patribus
386 4219 532 4281 statuunt
558 4219 710 4296 tanquam
738 4213 812 4281 fidei
835 4214 965 4297 dogma,
999 4233 1061 4281 non
1088 4233 1182 4297 posse
1204 4215 1263 4280 hu·

96 4319 244 4369 monam·
259 4307 402 4370 montem
428 4304 572 4371 instato
593 4303 665 4369 viae
692 4303 812 4373 babere
839 4303 1031 4370 naturaliter
1052 4304 1263 4387 cognitionem
