2946 4942
612 323 652 368 nr
675 323 856 371 urscrrnnm.
1251 311 1312 372 211

147 462 291 527 obruere
322 461 505 531 conabatur.
562 460 606 524 Et
628 463 694 542 jam
723 463 916 542 temporibus
945 462 1045 540 hisce,
1082 463 1185 527 adhuc
1208 463 1314 547 gladio

152 548 284 614 Domini
305 553 459 628 exempto,
489 548 627 628 procella
656 547 711 612 illa
733 549 934 613 tenebrarum
963 550 1108 627 advenit3
1142 569 1213 616 ecce
1237 550 1317 615 eheu

150 640 235 717 quot
257 635 418 699 hominum
446 635 545 699 millia
570 636 639 716 ipsa
661 635 754 699 illidit
787 636 1023 717 miserrimeque
1047 638 1229 703 contundit!
1274 636 1317 701 Et

149 722 284 803 quidem
306 722 391 787 illam
415 741 434 787 a
456 722 549 804 longe
564 723 729 803 aspiciens,
754 741 825 787 cum
848 723 951 788 adhuc
967 742 1067 789 essem
1091 725 1123 788 in
1147 727 1261 805 patria,
1286 731 1317 789 et

153 811 204 875 ibi
227 830 297 875 cum
319 809 514 891 adjutoribus
542 811 622 874 ineis
644 811 675 873 in
707 809 766 874 hac
789 811 959 877 Academia
990 813 1023 875 in
1047 813 1184 876 minimis
1207 812 1318 878 Sacer-

155 898 245 963 dotio
268 895 481 978 fungeremur,
505 898 640 962 scientes
656 896 832 978 depositum
847 900 970 978 patriae
995 899 1230 979 catholicaeque
1244 897 1318 964 fidei

153 985 250 1049 nobis
273 985 489 1049 sacerdotibus
505 984 668 1063 creditum,
693 985 726 1048 iu
741 985 911 1067 gemitibus
934 986 1198 1052 inenarrabilibus
1214 988 1318 1067 patuit

154 1091 215 1136 cor
248 1078 388 1137 nostrum
420 1072 461 1136 ad
490 1071 608 1151 Deum,
642 1077 675 1137 et
702 1072 850 1136 auxilium
884 1075 953 1155 ejus
982 1075 1072 1138 enixe
1104 1073 1317 1154 implorantes,

155 1160 275 1224 iterum
297 1165 392 1239 atque
423 1158 536 1223 iterum
561 1177 599 1222 cx
629 1164 704 1222 tnnc
727 1158 956 1225 clamabamus:
986 1161 1118 1226 Domine
1142 1161 1230 1225 salva
1251 1178 1318 1237 nos

152 1248 312 1330 perimus!
352 1245 394 1309 Et
409 1245 495 1310 Deus
519 1245 640 1327 adjuvit
662 1264 728 1324 nos,
751 1246 937 1328 locutusque
952 1253 1001 1313 est
1016 1248 1125 1326 nobis;
1149 1267 1207 1314 nos
1229 1247 1319 1312 audi-

153 1335 264 1399 vimus
285 1352 356 1398 eum
380 1351 495 1397 arcana
516 1332 614 1396 verba
640 1352 697 1415 per
720 1334 898 1414 apostolum
920 1335 1119 1416 loquentem:
1150 1335 1320 1415 Proposuit

158 1424 249 1487 Deus
271 1420 303 1484 in
326 1420 562 1501 dispensatione
584 1420 788 1501 plenitudinis
810 1425 988 1504 temporum
1012 1424 1117 1487 omnia
1139 1424 1319 1487 instaurare

152 1509 297 1590 quaein
320 1506 413 1571 coelis
437 1511 470 1570 et
493 1508 628 1587 quaein
651 1514 738 1573 tana
761 1515 835 1572 sunt
857 1510 889 1573 in
912 1508 1024 1576 tuso.
1070 1510 1263 1587 Audivimus,
1287 1512 1321 1573 et

157 1597 272 1661 laetati
295 1612 412 1672 sumus,
436 1600 468 1657 et
482 1595 805 1675 superabundavimus
820 1597 945 1676 gaudio,
969 1602 1002 1661 et
1023 1597 1056 1661 iu
1072 1599 1176 1663 Verbo
1195 1596 1320 1660 Domini

153 1683 215 1748 die
237 1700 275 1746 ac
297 1686 389 1747 nocte
411 1682 610 1760 meditantes,
638 1682 671 1745 in
693 1683 895 1748 meditatione
919 1689 1028 1748 nostra
1050 1686 1131 1765 ignis
1155 1683 1320 1747 charitatis

157 1771 289 1847 exarsit,
322 1770 456 1833 scientes
479 1769 564 1849 quod
595 1768 626 1831 in
650 1769 782 1832 Nomine
804 1769 906 1836 JESU
929 1771 1033 1835 omnia
1056 1771 1320 1836 instaurarentur.

156 1856 251 1921 Tune
271 1856 430 1920 recordati
452 1872 560 1919 snmus
587 1860 733 1919 vocatum
754 1855 850 1920 luisse
874 1857 993 1921 Nomen
1016 1858 1083 1938 ejus
1104 1856 1250 1936 JESUM,
1282 1875 1321 1922 eo

156 1945 250 2025 quod
273 1944 341 2024 ipse
363 1942 485 2007 salvum
509 1940 605 2006 faciet
627 1943 776 2024 populum
800 1962 891 2008 snum
915 1963 934 2009 a
956 1947 1090 2025 peccatis
1114 1963 1233 2010 eorum.
1278 1943 1322 2009 Et

161 2033 299 2096 iterum:
324 2028 394 2095 Non
417 2035 467 2094 est
489 2029 522 2093 in
544 2029 606 2094 alio
629 2028 734 2110 aliquo
758 2030 854 2109 salus,
877 2050 935 2096 nec
958 2031 1044 2097 aliud
1066 2030 1187 2096 Nomen
1211 2032 1322 2096 datum

160 2124 218 2184 est
233 2118 426 2208 hominibus,
449 2117 481 2180 in
504 2134 565 2196 quo
589 2122 735 2197 oporteat
756 2135 814 2183 nos
837 2118 940 2182 salvos
963 2117 1040 2185 fieri.
1086 2119 1208 2184 Idcirco
1230 2118 1324 2182 hilari

162 2211 376 2290 promptoque
398 2204 503 2268 animo
530 2205 674 2285 adgressi
702 2202 817 2269 fuimus
850 2204 1026 2286 praefatam
1050 2206 1252 2271 Academiam
1274 2204 1323 2268 in-

164 2295 310 2373 stituere,
345 2310 402 2373 per
433 2309 528 2371 quam
558 2290 628 2354 laus
650 2289 744 2371 plena
776 2291 950 2373 decoraque
977 2293 1175 2358 sanctissimo
1197 2292 1323 2358 Nomini

159 2378 267 2446 JESU
296 2386 397 2444 totam
430 2397 487 2460 per
520 2378 646 2441 Italiam
678 2383 819 2443 nostram
848 2381 1005 2444 reboaret.
1061 2378 1131 2444 Nou
1166 2385 1214 2445 est
1248 2379 1323 2443 mihi

114 2463 120 2479 ⁷
164 2484 266 2547 mens,
279 2465 484 2532 Venerabiles
499 2466 621 2543 Patres,
636 2467 763 2529 nomina
782 2465 900 2531 referre
915 2465 1160 2552 clarissimorum
1176 2468 1322 2542 virorum,

162 2555 222 2637 qui
244 2553 317 2618 huic
332 2552 521 2618 Academiae
536 2553 798 2633 subscripserunt,
823 2571 954 2633 quorum
978 2553 1104 2635 plurimi
1120 2553 1214 2618 decus
1230 2557 1324 2633 atque

166 2643 303 2707 maxima
328 2640 430 2721 gloria
462 2639 631 2719 Religionis
664 2645 696 2703 et
726 2641 847 2720 patriae
877 2646 1005 2706 nostrae
1036 2640 1077 2704 ad
1099 2641 1324 2722 Episcopatum

168 2728 281 2807 evecti,
305 2746 388 2792 nunc
409 2728 442 2791 in
457 2726 590 2791 Nomine
613 2725 714 2790 JESU
730 2726 889 2791 nobiscum
916 2727 1108 2809 congregati,
1131 2727 1213 2792 hanc
1236 2745 1324 2792 sanc·

167 2823 237 2881 tam
260 2814 420 2897 Synodum
444 2813 605 2892 decorant,
630 2821 662 2877 et
685 2831 741 2878 nos
763 2814 888 2879 illorum
911 2815 1156 2895 subscriptiones
1179 2819 1326 2880 accurate

169 2921 271 2985 usque
293 2903 326 2966 in
348 2901 429 2966 hanc
451 2901 532 2964 diem
556 2901 758 2967 servavimus
802 2901 1029 2982 Benedixitqne
1053 2902 1205 2966 Dominus
1228 2902 1328 2966 humi-

168 2991 252 3055 libus
283 2990 442 3070 obsequiis
476 2988 698 3070 laboribusque
721 2990 849 3067 nostris,
886 2991 971 3052 etin
1003 3007 1102 3053 annos
1132 2989 1328 3070 undeviginti

169 3078 229 3143 sub
262 3077 521 3158 auspicatissimis
551 3075 717 3156 praesidiis
749 3083 816 3139 tum
850 3074 897 3139 Pii
928 3075 988 3140 PP.
1011 3077 1122 3154 octavi,
1158 3082 1226 3139 tum
1248 3075 1327 3139 Gre-

167 3165 254 3246 gorii
276 3163 336 3226 PP.
360 3164 470 3228 decimi
494 3164 583 3240 sexti,
607 3168 673 3226 tum
696 3163 888 3242 alicujusex
911 3163 1097 3227 clarioribus
1115 3163 1197 3240 viris,
1213 3163 1327 3243 quibus

169 3271 243 3316 eam
267 3251 453 3328 dicavimus,
487 3251 567 3314 benc
593 3268 805 3331 prospereque
830 3251 1000 3314 Academia
1032 3255 1143 3315 nostra
1167 3250 1328 3330 processit,

170 3357 292 3420 perque
316 3357 384 3402 eam
400 3338 522 3419 repleta
537 3345 586 3401 est
608 3344 694 3401 terra
709 3344 817 3402 nostra
839 3337 932 3401 laude
943 3337 1172 3418 jucundissima
1187 3337 1329 3401 Nominis
1388 3400 1390 3403 ,

168 3425 289 3502 JESU3
323 3433 358 3490 at
380 3426 501 3489 Nomen
524 3424 625 3489 JESU
655 3426 688 3488 in
711 3426 771 3488 hac
801 3430 909 3489 nostra
933 3424 1101 3489 Academia
1124 3422 1330 3488 clarificatum

170 3511 358 3578 clarificavit
382 3512 532 3577 eamdem.
582 3512 657 3593 Ipsa
679 3530 814 3592 namque
848 3512 1019 3576 abeodem
1047 3512 1244 3576 sanctissimo
1267 3511 1330 3576 No·

172 3602 268 3679 mine,
293 3600 376 3680 quod
392 3617 518 3680 praese
535 3599 655 3663 ferebat
671 3607 788 3678 erecta,
806 3619 825 3662 a
841 3600 970 3663 summis
987 3598 1197 3678 Pontificibus,
1214 3617 1234 3662 a
1249 3597 1331 3662 Nea-

171 3687 322 3768 politanis
344 3687 610 3766 Archiepiscopis‚
646 3705 703 3750 nec
735 3705 795 3749 non
829 3687 868 3752 'ab
903 3688 1066 3765 utriusque
1094 3685 1218 3750 Siciliae
1246 3685 1332 3767 Rege

173 3775 354 3855 adprobata
387 3793 444 3855 per
479 3791 586 3837 omnes
621 3773 731 3836 ltaliae
765 3774 906 3837 civitates
933 3771 1103 3837 honorifice
1127 3772 1330 3837 dilatabatur.

174 3861 217 3925 Et
241 3879 299 3939 ego
322 3861 480 3941 gloriabar
495 3862 525 3922 in
543 3862 675 3924 Domino
691 3868 820 3941 propter
836 3861 1074 3924 Sanctissirnum
1092 3860 1193 3925 Jnsu
1212 3859 1333 3924 Nomen

174 3951 206 4011 iu
230 3949 410 4024 Academia,
435 3954 468 4012 et
492 3948 694 4010 Academiam
716 3946 748 4010 i'n
772 3948 976 4011 Sanctissimo
1000 3947 1101 4011 JESU
1119 3948 1249 4010 Nomine
1265 3952 1332 4010 tarn

174 4037 254 4099 mire
278 4033 491 4099 clarificatam.
545 4037 584 4097 llt
612 4054 698 4111 ecce,
733 4035 934 4098 Venerabiles
959 4035 1084 4112 PatreS,
1118 4040 1190 4113 post
1214 4033 1334 4114 aliquot

175 4139 274 4185 annos
302 4120 385 4185 laeta
419 4129 583 4202 estsuper
606 4141 654 4184 me
678 4122 789 4184 Manus
813 4122 938 4185 Domini
960 4120 1074 4185 tollens
1102 4140 1150 4184 me
1174 4140 1190 4184 e
1213 4122 1334 4202 gremio

176 4207 311 4272 fratrum
335 4215 367 4272 et
390 4227 509 4290 ponens
541 4209 731 4289 Episcopum
760 4228 871 4288 regere
901 4209 1102 4272 lectissimam
1131 4214 1254 4288 partem
1279 4210 1335 4273 Ec-

176 4295 292 4360 clesiae
327 4296 385 4360 Dei
419 4315 514 4376 quarn
550 4298 715 4375 acquisivit
749 4297 902 4377 sanguine
936 4313 1001 4360 suo.
1057 4295 1144 4360 Tunc
1179 4315 1196 4360 e
1231 4295 1334 4361 modio

1111 4395 1112 4400 ¹
1184 4399 1230 4451 14*
