2946 4942
152 308 221 368 220
653 318 818 367 eosurnnnn

156 461 323 540 translata,
359 457 495 522 omniurn
525 464 673 522 teruntur
702 456 857 534 manibus,
894 475 964 522 curu
993 458 1113 538 ingenti
1140 458 1314 540 legentium

153 547 375 614 emolumento.
432 543 530 609 Nemo
561 549 667 625 potest
697 544 756 608 has
788 545 921 625 paginas
951 543 1095 610 evolvere
1124 546 1200 626 quin
1229 551 1315 611 totus

146 636 271 701 ardeat
286 633 344 698 Dei
368 637 401 696 et
422 630 624 713 perfectionis
646 649 766 712 amore3
790 633 922 713 quisque
946 633 1029 696 enirn
1052 633 1084 696 in
1107 632 1170 697 illis
1194 633 1314 713 reperit

154 728 231 803 apta
261 739 318 785 suo
350 719 449 784 statui
479 719 599 784 monita
629 723 660 782 et
693 719 889 796 documenta,
931 718 998 782 sive
1028 718 1154 784 saeculo
1189 719 1314 784 deditus

146 808 208 873 ilie
232 809 282 886 sit,
306 807 371 872 sive
395 806 542 883 claustro,
576 807 642 869 sive
665 805 798 885 coelebs
827 806 893 870 sive
915 805 1111 886 conjugatus,
1146 824 1204 870 seu
1227 807 1314 889 prin-

157 914 240 977 ceps,
265 913 321 959 seu
344 895 495 976 privatus.
538 892 690 957 Omnibus
713 892 796 957 enirn
819 894 925 958 omnia
946 892 1050 958 factus
1073 895 1220 958 omnibus
1243 913 1314 975 pro-

156 982 222 1059 fuit,
246 983 384 1046 omnium
407 980 503 1045 saluti
528 979 712 1044 consuluit.“
727 981 752 1063 ¹)

261 1069 394 1134 Silemus
418 1068 457 1133 de
480 1067 628 1148 operibus
651 1066 730 1146 aliie,
754 1073 790 1132 ut
812 1073 886 1132 sunt
908 1085 1004 1132 aurea
1026 1067 1111 1131 illius
1128 1067 1252 1134 Manita
1274 1069 1314 1134 ad

154 1158 308 1237 parochos
324 1163 357 1221 et
380 1155 421 1218 ad
436 1153 651 1231 confessarios
675 1161 710 1218 ut
733 1162 809 1218 sunt
830 1155 1014 1219 innumerae
1036 1162 1126 1235 quasi
1148 1153 1313 1237 Epistolae

154 1251 222 1309 tam
263 1243 405 1308 doctrina
444 1260 538 1322 quam
577 1241 741 1306 dulcedine
783 1241 947 1306 charitatis
987 1244 1206 1310 exuberantes,
1272 1245 1314 1308 At

154 1332 232 1396 illud
255 1330 347 1396 s'dere
370 1347 432 1394 non
448 1347 614 1410 possumus
637 1330 720 1408 quod
744 1329 776 1392 in
799 1329 944 1395 asceticis
967 1329 1064 1393 etiam
1079 1330 1207 1411 scriptis
1224 1331 1313 1396 unita

154 1418 298 1500 splendet
326 1414 398 1480 fidei
428 1423 461 1480 et
488 1434 610 1479 morum
637 1417 790 1480 doctrina.
846 1416 906 1480 Hic
929 1417 1118 1497 praecipuus
1141 1422 1191 1482 est
1214 1417 1313 1484 honor

154 1505 272 1570 Salcsio
305 1504 397 1585 quod,
433 1503 508 1566 dum
539 1507 625 1567 totus
658 1521 728 1568 esse
761 1504 887 1568 videtur
917 1504 949 1567 in
978 1505 1121 1569 cordibus
1155 1504 1314 1585 spirituali

154 1594 311 1657 suavitate
334 1590 566 1672 persuadendis,
601 1590 640 1654 ad
666 1590 839 1656 doctrinam
863 1595 970 1655 tamen
993 1591 1139 1669 attendit,
1175 1597 1208 1656 et
1230 1592 1313 1658 altas

153 1681 187 1744 in
209 1698 247 1744 ca
269 1679 397 1760 pietatis
420 1678 542 1743 radices
565 1678 711 1743 demittit.
746 1677 834 1741 illius
858 1678 989 1743 verbum
1012 1684 1061 1744 est
1084 1679 1169 1743 vitae
1192 1681 1313 1746 semitis

154 1767 269 1846 lumen,
294 1772 326 1831 et
348 1773 394 1829 est
419 1764 510 1828 simul
533 1765 656 1829 animae
680 1766 778 1829 cibus.
829 1764 898 1842 Qua
919 1765 1057 1830 mirabili
1079 1783 1313 1849 numquamque

155 1854 232 1918 satis
254 1853 416 1917 laudanda
432 1871 543 1917 norma
558 1856 591 1916 et
604 1852 707 1933 pietas
722 1852 811 1916 firmo
827 1870 951 1934 semper
966 1854 1079 1919 nititur
1094 1852 1311 1932 fundamento,

144 1946 185 2006 -et
208 1941 359 2018 doctrina,
383 1941 499 2004 nedum
522 1940 637 2005 sterilis
653 1940 797 2004 videatur
820 1945 851 2004 et
868 1941 965 2018 arida,
989 1941 1021 2004 in
1045 1941 1220 2006 uberrimos
1243 1960 1312 2008 sese
1348 1961 1356 1973 ’

155 2028 276 2094 fructus
300 2026 446 2108 explicat.

259 2114 347 2192 Quae
371 2132 441 2178 cum
464 2115 510 2177 ita
532 2113 603 2192 sint,
636 2114 711 2194 quid
734 2115 846 2178 mirum
869 2116 902 2178 in
925 2115 973 2180 his
996 2115 1182 2180 Britanniae
1205 2116 1311 2182 Parla-

151 2203 250 2266 menti
282 2201 385 2266 verbis
415 2201 456 2264 ad
485 2200 698 2265 Alexandrum
722 2201 801 2267 VII?
839 2208 894 2280 „ut
925 2203 1031 2267 omnia
1063 2203 1215 2280 dicamus,
1253 2205 1311 2268 Dci

153 2290 280 2371 spiritus
303 2289 382 2354 adeo
405 2287 489 2353 clare
514 2293 647 2372 apparet
662 2289 693 2352 in
710 2289 776 2370 ejus
794 2288 979 2372 (Francisci)
995 2290 1094 2369 libris,
1118 2298 1155 2354 ut
1178 2309 1308 2372 sperare

152 2382 260 2458 posset
283 2376 426 2440 eumdem
442 2375 581 2440 favorem
599 2394 637 2439 ac
660 2395 793 2457 magnus
810 2377 969 2441 Ecclesiae
985 2378 1111 2456 Ductor,
1136 2378 1191 2457 qui
1207 2379 1310 2444 sancti

143 2465 417 2545 nuncupationem
441 2464 578 2528 obtinuit
601 2482 640 2527 ex
655 2463 841 2528 excellentia
863 2482 992 2529 suorum
1008 2464 1209 2546 scriptorum,
1233 2483 1311 2548 quae

153 2552 305 2616 miracula
326 2549 454 2614 fuerunt
476 2551 517 2615 ad
532 2551 600 2632 ejus
615 2569 728 2615 nomeu
744 2550 920 2615 immortale
936 2552 1156 2629 decorandum,
1180 2556 1214 2616 et
1229 2553 1311 2618 inter

146 2657 206 2702 eos
229 2639 282 2718 qui
304 2639 443 2702 invocari
466 2639 581 2702 debent
603 2638 864 2702 inscriberrdum.“

259 2724 518 2789 Praeclarissima
545 2726 625 2789 haec
654 2725 795 2805 apprime
825 2732 999 2792 consonant
1025 2725 1178 2791 Eurorum
1202 2725 1310 2792 (lardi-

153 2811 271 2875 nalium
294 2813 376 2876 votis
407 2830 512 2876 coram
536 2811 713 2876 Alexandro
738 2813 804 2878 VII.
829 2813 971 2894 prolatis,
1005 2820 1038 2878 et
1061 2814 1147 2878 bisce
1169 2813 1309 2895 ipsorum

144 2897 265 2978 effatis,
289 2917 422 2979 quorum
451 2898 544 2980 plura
565 2898 675 2963 Sancti
704 2899 797 2963 simul
820 2905 852 2964 et
875 2900 1021 2966 Doctoris
1051 2919 1200 2966 coronam
1230 2901 1311 2991 clare

153 2986 314 3067 postulare
336 2987 492 3051 videntur.

238 3067 369 3153 '„Unus
402 3073 543 3154 profecto
583 3073 757 3138 censendus
790 3078 839 3137 est
878 3074 927 3156 (Β.
963 3075 1162 3156 Franciscus)
1196 3075 1310 3156 quibus

155 3160 274 3225 dictum
298 3162 424 3242 legitur,
449 3161 513 3225 Vos
536 3161 612 3225 estis
636 3161 689 3224 lux
711 3161 886 3241 mundi.“²)

263 3247 369 3326 „Misit
391 3254 550 3329 tamquam
575 3248 691 3312 imbres
714 3247 838 3328 eloquia
860 3249 1035 3331 sapientiae
1058 3253 1163 3313 suae.“
1180 3253 1206 3329 3)

262 3334 407 3413 „Habeat
421 3335 565 3399 Ecclesia
587 3335 735 3399 universa
756 3336 840 3415 quod
862 3337 894 3401 in
910 3336 946 3400 B.
960 3336 1118 3400 Francisci
1140 3337 1312 3402 virtutibus

145 3422 303 3501 innitetur,
327 3423 411 3502 quod
433 3423 584 3487 doccatur
606 3423 637 3486 in
661 3423 816 3503 scriptis.“
832 3422 859 3506 4)

262 3511 420 3587 „Tandem
453 3510 586 3575 Sanctus
619 3508 800 3574 declaretur
831 3511 884 3575 ille
913 3529 970 3591 per
1001 3528 1094 3590 quem
1125 3509 1311 3577 Sanctitatis

146 3597 395 3676 >consequendae
417 3599 497 3662 ratio
520 3602 553 3661 et
576 3597 670 3661 ardor
693 3597 734 3661 ad
757 3615 865 3663 omnes
888 3597 1023 3678 cujusvis
1046 3597 1237 3664 conditionis
1260 3599 1312 3664 ho·

153 3683 252 3748 mines
275 3687 460 3765 penetravit,
483 3690 520 3748 ut
542 3684 728 3764 sapientiam
744 3686 812 3767 ejus
827 3689 977 3750 enarrent
998 3683 1114 3764 populi,
1138 3689 1172 3750 et
1186 3684 1312 3751 laudem

153 3768 221 3849 ejus
244 3772 392 3836 enunciet
413 3770 617 3848 Ecclesia“.⁵)

262 3857 325 3937 „Ut
347 3857 487 3923 fidelium
518 3858 614 3923 corda
640 3857 761 3940 jugitur
790 3855 1003 3923 inflammaret
1029 3859 1146 3924 nedum
1169 3859 1312 3943 exemplo

263 4100 282 4166 ¹)
301 4100 390 4155 Relat.
410 4101 437 4152 iu
457 4099 574 4156 Consiat.
594 4099 704 4154 Secreto
725 4102 801 4156 1662.

261 4170 282 4237 ᾖ)
302 4169 454 4223 Cardinalis
474 4169 605 4223 Pallotus.
679 4173 702 4234 ³)
723 4170 967 4225 Aldrobrandiuus.

261 4240 284 4376 :3
302 4239 454 4360 {idendinalis
475 4240 658 4306 Franciottus,
679 4242 782 4293 Causae
803 4240 924 4296 Rolator.

334 4324 384 4361 em.
