2946 4942
616 323 656 371 DE
679 321 859 372 DISCIPLINA.

524 495 593 578 tr.
633 493 937 577 rusrutarutt

147 655 216 722 ‘UT
239 653 390 722 SANOTI
405 649 621 718 VINOENTII
642 652 671 716 A
692 651 832 718 PAULO
854 649 1190 733 Assocmrlouns
1206 651 1320 730 QUAE

148 759 306 828 'VIILGO
320 756 648 825 CONFERENTIAE
662 753 890 838 DIGUNTUR,
913 757 941 822 A
955 754 1090 824 Sacro
1106 753 1321 845 vamcario
1411 780 1417 785 ·

265 861 463 930 OONOILIO
486 861 747 928 LAUDENI’UR
770 860 824 927 Ac
848 860 1214 929 COMMENDENTUR.

264 1003 397 1070 Romani
427 1001 597 1068 Pontifices
630 1003 664 1066 ln
693 1002 834 1068 docenda
855 1003 1055 1084 regendaque
1086 1002 1226 1067 Ecclesia
1256 1019 1320 1066 non

149 1094 205 1159 ‘ita
228 1109 336 1160 curam
351 1090 575 1170 exhauserunt,
601 1093 637 1152 ut
658 1089 827 1170 aliquando
843 1107 941 1172 opera
962 1089 1196 1156 misericordiae
1211 1087 1320 1154 lovere

151 1186 192 1247 et
215 1178 437 1246 commendare
457 1176 695 1243 intermiserint.
748 1176 796 1242 Ad
820 1194 873 1242 eos
896 1177 979 1242 enim
1002 1177 1140 1258 pertinet
1162 1177 1264 1242 zelum
1288 1181 1320 1241 et

157 1269 312 1350 pietatem
333 1282 518 1348 promovere
548 1266 580 1329 in
602 1263 818 1330 sustentandis
847 1263 1040 1346 pauperihus
1069 1269 1103 1330 et
1126 1265 1158 1330 in
1182 1262 1319 1334 catechi-

150 1354 268 1421 nandIs
289 1353 432 1420 rudibus.
850 1406 853 1413 ,
1278 1404 1280 1409 .

265 1441 316 1506 Ad
337 1439 417 1506 hacc
443 1456 520 1505 vcro
542 1437 708 1505 charitatis
737 1442 803 1503 tum
835 1437 1010 1520 spiritualis
1045 1444 1115 1504 tum
1146 1437 1319 1521 corporalis

153 1528 321 1610 ‘implenda
343 1524 462 1606 officia,
495 1527 601 1608 plures
630 1527 663 1590 tn
688 1526 823 1591 decursu
850 1532 1028 1608 temporum
1050 1525 1197 1607 prodiere
1225 1525 1320 1592 socic-

154 1620 254 1696 tatss,
270 1616 350 1682 etin
364 1614 482 1680 nostris
496 1613 693 1694 temporibus
715 1613 849 1679 maxime
866 1613 981 1679 enituit
995 1615 1047 1696 pia
1062 1614 1142 1680 haec
1157 1612 1318 1692 sodalitas,

153 1720 249 1785 onae,
274 1702 334 1767 sub
364 1700 494 1784 vulgato
521 1701 646 1767 nomine
671 1698 949 1781 Caesareanorum
977 1700 1088 1766 Sancti
1116 1700 1320 1773 Viooeoto'io

156 1789 274 1869 Ponto,
298 1789 441 1856 omnibus
463 1807 527 1854 non
549 1792 599 1854 cst
621 1806 722 1868 aeque
744 1789 957 1869 comprobata.
1296 1789 1300 1796 ’

264 1876 353 1942 Haec
374 1880 482 1941 autem
512 1875 664 1955 societas,
695 1894 734 1940 ex
754 1875 859 1940 laicali
882 1876 993 1942 ordine
1016 1877 1204 1957 praesertim
1228 1873 1319 1943 elior-

153 1969 256 2044 mata,
279 1962 447 2030 nobiliores
480 1963 642 2029 civitatum
666 1969 699 2029 et
727 1963 868 2029 vicorum
899 1963 984 2028 viros
1011 1964 1209 2046 optimosque
1231 1961 1321 2030 scho-

154 2052 264 2118 larum
286 2051 464 2117 liberalium
487 2050 624 2132 ephebos
655 2051 688 2115 in
720 2050 792 2117 sinu
814 2055 991 2133 computat,
1021 2050 1149 2132 lateque
1171 2069 1228 2133 per
1250 2051 1321 2117 uni-

159 2157 286 2205 versnm
308 2145 467 2205 terrarum
497 2139 606 2204 orbem
623 2137 692 2220 Jam
715 2135 843 2218 diffusa,
874 2137 1037 2205 uberiores
1059 2136 1182 2205 fructus
1206 2137 1321 2220 ubique

156 2226 306 2308 protulit,
341 2243 420 2308 quos
449 2225 499 2291 hic
528 2243 714 2291 enumerare
748 2222 941 2306 superfluum
975 2231 1067 2292 esset.
1121 2226 1181 2290 Vix
1215 2230 1321 2293 exstat

158 2313 336 2397 corporaIIs
357 2313 463 2394 inopia
486 2330 566 2393 quae
589 2311 630 2377 ab
654 2312 700 2377 eis
722 2329 786 2377 non
808 2312 975 2392 relevetur,
1000 2319 1057 2379 aut
1073 2314 1169 2379 animi
1191 2311 1320 2379 afflictio

156 2418 242 2482 quae
265 2419 329 2467 non
351 2401 393 2465 sit
409 2405 563 2467 recreata.
597 2400 655 2464 Isti
678 2399 759 2463 enirn
775 2417 931 2481 pauperes
955 2417 1050 2482 saepe
1073 2406 1106 2466 et
1127 2400 1321 2483 regularIter

157 2489 299 2570 visitant,
321 2505 440 2568 eosque
461 2487 579 2570 duplici
601 2487 691 2568 panis
714 2491 748 2551 et
771 2486 993 2553 consolationis
1015 2487 1133 2570 pabulo
1163 2485 1318 2568 reficiunt,

155 2575 302 2657 aegrotis
324 2575 528 2658 opitulantur,
560 2575 661 2656 iisque
690 2573 846 2639 salutaria
873 2575 1047 2641 medicinae
1078 2576 1217 2641 remedia
1246 2576 1320 2641 sub-

155 2663 369 2740 min'mtrantr
393 2679 485 2728 senos
518 2664 551 2727 in
578 2662 723 2744 hospitiis
757 2666 790 2726 et
821 2662 979 2743 orphanos
1011 2665 1044 2728 in
1076 2663 1319 2741 conservatoriis
1399 2732 1405 2740 ,

154 2749 331 2828 collocant3
367 2749 503 2816 artifices
536 2754 570 2815 et
600 2750 761 2831 operarios
784 2749 945 2829 erudiunt,
978 2749 1180 2831 junioresque
1213 2751 1319 2817 exeis

152 2838 214 2921 qui
236 2838 270 2902 in
299 2835 429 2903 officinis
461 2837 671 2902 tirocinantur
702 2854 759 2902 suo
788 2838 963 2918 patrocinio
990 2857 1009 2902 a
1036 2838 1142 2919 pravis
1170 2837 1319 2920 exemplis

152 2929 382 3008 praeservant3
406 2925 541 3006 optimos
563 2923 661 2990 libros
684 2943 743 3007 per
764 2924 874 2989 domos
898 2931 930 2990 et
944 2924 1081 2990 familias
1103 2925 1319 3005 disseminant,

150 3017 189 3078 et
215 3013 416 3076 matrimonia
438 3030 526 3076 mere
548 3011 652 3077 civilia
676 3011 900 3088 cohonestunt;
930 3031 991 3092 quo
1015 3009 1050 3075 lit
1073 3017 1108 3077 ut
1130 3031 1169 3077 ex
1191 3013 1251 3080 bac
1273 3014 1320 3089 in·

151 3100 342 3165 stitutione-
358 3099 446 3165 miris
479 3099 512 3164 in
545 3099 647 3167 modis
680 3099 714 3163 in
746 3099 970 3181 rempublicam
1001 3098 1203 3164 christianam
1238 3102 1321 3165 bona
1396 3098 1399 3103 ’

147 3187 332 3265 dimanent,
355 3186 508 3267 multique
530 3186 693 3251 salventur
715 3188 768 3266 qni
791 3187 858 3251 sine
880 3185 938 3251 hoc
960 3186 1074 3251 auxilio
1097 3186 1275 3269 periissent.

267 3274 325 3338 His
345 3273 445 3356 igitur
471 3273 543 3355 piae
567 3272 745 3339 sodalitatis
775 3273 895 3338 meritis
919 3275 1075 3353 commoti,
1098 3292 1165 3340 rem
1187 3293 1319 3358 prorsus

149 3361 271 3429 utilem
293 3365 521 3441 reputaverunt
551 3359 744 3441 infrascripti
766 3359 877 3426 Patres
899 3361 927 3425 si
955 3362 1037 3426 hanc
1058 3362 1183 3443 publice
1206 3362 1321 3429 sodali-

149 3455 261 3514 tatem
283 3447 428 3513 laudaret
449 3453 544 3528 atque
559 3449 793 3514 commendaret
815 3466 965 3529 praesens
989 3450 1199 3516 oecumenica
1221 3448 1321 3532 Syno-

147 3537 230 3616 duS,
255 3541 287 3600 et
309 3536 336 3599 si
358 3553 492 3616 magnus
514 3534 631 3601 Noster
645 3534 792 3601 Pontifex
813 3536 876 3617 qni,
899 3541 988 3602 tanto
1011 3538 1150 3602 omnium
1167 3536 1321 3602 bonorum

149 3624 283 3707 plausu,
307 3623 413 3686 navim
428 3621 591 3687 Ecclesiae
612 3623 696 3704 regit
718 3627 752 3688 et
767 3623 932 3705 gubernat,
957 3642 1013 3689 suo
1037 3625 1131 3689 etiam
1153 3624 1320 3705 praeconio

153 3711 330 3776 decoraret
352 3715 385 3773 et
407 3709 568 3774 conciliari
591 3709 819 3792 approbatione
841 3709 976 3777 fulciret.

268 3799 311 3862 Et
333 3797 392 3862 hoc
415 3796 503 3860 enixe
526 3803 695 3878 precantur
726 3801 867 3862 oratores
890 3799 1059 3880 subscripti
1089 3797 1195 3864 fausta
1217 3800 1322 3864 omnia

151 3886 293 3967 insuper
326 3889 513 3966 exoptantes
546 3885 826 3949 Reverendissimis
856 3886 1017 3965 Patribus,
1053 3887 1105 3966 qui
1138 3887 1178 3949 ad
1208 3905 1321 3952 munus

154 3971 362 4037 examinandi
384 3971 546 4052 postulata
569 3972 711 4052 deputati
734 3979 817 4038 sunt.

268 4077 396 4156 Romae,
420 4076 470 4141 die
496 4080 546 4141 30.
571 4076 715 4141 ianuarii
741 4082 833 4141 1870.

200 4213 286 4295 Hru'c
303 4214 516 4295 postulationi
538 4216 805 4298 subscro'pseraot
818 4217 976 4299 cotopioto
998 4217 1116 4283 Patres
1141 4217 1283 4287 Concidit.

216 4420 341 4474 Martin,
356 4422 510 4465 Documenta.
538 4422 600 4464 Edit.
615 4423 653 4464 11:
1182 4413 1214 4463 15
