2954 4936
180 334 243 395 164
671 347 835 394 mesenam

237 554 500 636 Dispensationes
523 557 558 620 in
580 547 714 619 rmnano
738 558 829 619 curio
846 548 1033 636 promptius
1055 555 1280 636 cupediendae.

281 695 537 776 Dispensationes
560 695 751 759 matrimonii
784 697 964 760 aromanis
997 694 1208 759 tribunalibus
1238 713 1336 777 quam

175 784 351 864 promptius
379 782 600 863 expediantur,
623 783 668 847 ita
690 783 836 848 utnulla
866 785 920 861 sit,
953 782 1077 847 secluso
1111 781 1336 848 difficultatum

175 870 357 950 specialium
382 888 468 947 casu,
491 888 581 950 quae,
605 873 677 951 post
698 874 842 952 receptas
865 888 989 951 preces,
1012 869 1098 933 ultra
1120 875 1259 950 quatuor
1280 870 1336 936 vel

166 957 312 1037 euinque
335 957 402 1022 dies
425 956 639 1038 protrahatur.
686 956 797 1022 Nullus
820 976 895 1022 vero
922 958 1122 1022 vacationum
1148 963 1335 1038 praetextus

173 1060 241 1108 rem
264 1051 328 1108 tam
354 1050 517 1125 urgentem
545 1045 779 1124 procrastinare
801 1043 912 1123 faciat,
945 1063 982 1109 eo
1005 1046 1123 1125 magiS,
1159 1051 1193 1108 ut
1224 1062 1334 1109 omnes

173 1136 298 1212 norunt,
321 1132 405 1212 quod
420 1131 659 1212 municipiorum
674 1129 893 1210 officialitates,
909 1132 1096 1210 recipiendis
1111 1132 1332 1196 matrimoniis

165 1218 319 1283 1111111111
341 1220 549 1300 praepositae,
575 1237 734 1299 nunqnam
757 1225 879 1284 vacent.

194 1463 246 1527 De
265 1464 362 1541 feriis
385 1461 440 1526 SS.
468 1462 755 1544 Conprepationum
786 1469 815 1526 ct
841 1463 1067 1527 Tribunalium
1089 1462 1309 1529 Rornanorum

485 1566 731 1646 supprimendis
755 1566 803 1629 nel
825 1566 1015 1630 minuendis.

276 1723 398 1787 Mederi
422 1723 569 1804 dignetur
603 1725 633 1788 S.
658 1721 801 1788 Pontifex
835 1723 938 1788 nimiis
973 1723 1034 1788 illis
1070 1724 1275 1790 dilationibus
1298 1736 1327 1791 et

170 1810 503 1892 procrastinationibus
535 1828 614 1891 quas
641 1811 775 1891 patitur,
807 1812 841 1873 in
863 1811 1006 1875 Romana
1034 1812 1138 1889 curia,
1171 1812 1328 1892 expeditio

169 1899 368 1980 negotiorum
391 1902 424 1961 et
446 1898 632 1976 gratiarum,
668 1898 800 1962 maxime
827 1917 902 1963 vero
926 1898 1196 1978 dispensationum
1220 1901 1329 1964 matri-

170 1984 360 2063 monialium,
384 1985 467 2048 unde
482 1985 622 2065 quotidie
638 1985 824 2066 gravissima
840 1992 872 2050 et
887 1985 1105 2066 irreparabilia
1128 1986 1327 2052 1111111111-

170 2078 258 2154 gunt.
304 2072 424 2149 Quibus
447 2071 538 2136 malis
561 2073 588 2135 si
611 2073 795 2137 occurrendi
809 2072 955 2137 voluntas
978 2073 1028 2152 sit,
1052 2074 1177 2138 omnino
1200 2092 1327 2141 necesse

169 2159 296 2224 uidetur
318 2159 389 2223 illas
412 2159 570 2239 longiores
594 2165 626 2223 et
649 2158 732 2223 ultra
762 2161 889 2223 modum
912 2160 1137 2242 multiplicatas
1168 2159 1223 2226 SS.
1246 2159 1325 2226 Con·

168 2247 383 2328 gregationum
408 2265 446 2310 ac
468 2246 684 2312 Tribunalium
712 2247 997 2313 ecclesiasticorum
1019 2246 1115 2313 Urbis
1146 2247 1257 2327 ferias,
1290 2267 1326 2313 ex

168 2339 259 2416 parte
282 2334 446 2415 supprimi,
471 2353 509 2398 ac
537 2334 622 2396 intra
645 2334 846 2399 brevissimos
877 2335 1027 2400 terminos
1050 2337 1223 2417 coarctari3
1254 2354 1323 2402 cau·

166 2421 302 2487 tionibus
325 2421 525 2485 nibilominus
548 2420 705 2500 adhibitis,
739 2427 783 2500 ut,
807 2422 838 2484 in
863 2422 997 2503 ipsomet
1021 2423 1223 2506 uacationem
1246 2429 1323 2488 tern-

156 2527 254 2592 pore,
279 2510 423 2590 urgentia
446 2509 574 2588 negotia
597 2525 721 2589 semper
742 2509 958 2589 expediantur.

166 2753 217 2818 De
239 2753 454 2832 reformandis
481 2751 562 2833 stplo
593 2758 622 2816 et
644 2751 764 2832 regulis
792 2752 836 2816 ad
866 2754 1025 2832 rescripta
1047 2736 1321 2832 dispensationum

520 2856 719 2920 matrimonii
740 2857 962 2937 spectantibus.

269 3013 367 3078 Nemo
384 3020 442 3092 est,
467 3013 542 3095 styli
564 3020 597 3078 et
612 3013 794 3094 regularum
810 3014 852 3077 ad
866 3013 1116 3094 dispensationes
1132 3014 1321 3081 matrimonii

164 3120 331 3182 earumque
364 3101 521 3181 rescripta
554 3102 779 3181 pertinentium
813 3101 970 3182 tantisper
1006 3120 1137 3182 gnaruS,
1173 3103 1228 3183 qui
1260 3121 1319 3168 non

163 3189 302 3267 miretur,
326 3194 358 3252 et
380 3188 583 3252 vehementer
606 3188 720 3267 doleat,
746 3188 942 3252 validitatem
971 3190 1016 3252 rei
1041 3189 1179 3253 omnium
1203 3192 1321 3272 grauis·

154 3271 274 3355 simae,
309 3275 401 3356 quale
436 3286 484 3340 est
516 3275 760 3353 matrimonium,
796 3276 907 3357 subjici
936 3280 986 3339 tot
1020 3276 1123 3340 causis
1158 3276 1319 3355 nullitatis,

161 3367 227 3427 tam
250 3363 357 3427 multis
381 3361 529 3427 clausulis
552 3363 766 3442 irritantibus,
789 3369 838 3441 ut,
863 3363 889 3426 si
919 3364 1070 3426 attentius
1094 3364 1202 3429 omnia
1224 3364 1319 3430 intro·

162 3451 365 3531 spicerentur,
389 3451 620 3528 agnoscendum
643 3455 729 3515 certe
745 3455 777 3514 et
791 3449 952 3514 fatendum
975 3455 1059 3513 esset
1080 3468 1143 3515 non
1166 3453 1319 3517 modicam

160 3543 284 3619 partem
300 3538 567 3602 matrimoniorum
585 3556 666 3618 quae
683 3555 754 3601 curn
771 3537 1055 3618 dispensationibus
1079 3539 1318 3615 contrabuntur,

161 3625 247 3691 nulla
270 3630 302 3690 et
324 3626 415 3690 irrita
437 3626 579 3689 evadere.
625 3625 733 3703 Porro,
758 3630 909 3705 quantum
932 3624 992 3689 boc
1006 3622 1125 3688 malum
1148 3626 1200 3705 sit,
1225 3625 1317 3692 bodie

159 3713 357 3794 praesertim,
383 3714 422 3777 ob
446 3710 537 3776 oioile
559 3712 807 3789 matrimonium,
831 3729 922 3775 nemo
946 3730 1009 3776 non
1032 3711 1128 3776 videt.

264 3799 493 3878 Examinentur
515 3799 612 3880 igitur
635 3800 815 3863 cautissime
837 3816 945 3864 omnes
973 3798 1046 3862 illae
1075 3800 1230 3880 ambages
1258 3798 1318 3865 lor·

157 3888 336 3954 malitatnm
360 3895 392 3952 11
407 3885 619 3965 formularum,
643 3889 804 3967 omnisque
819 3885 875 3950 illa
891 3885 1104 3950 clausularum
1123 3887 1317 3952 irritantium

158 3978 329 4058 congeries,
361 3980 397 4039 ut
418 3972 617 4054 expellantur
647 3993 666 4037 a
688 3977 754 4037 tarn
777 3978 887 4037 sancta
909 3980 941 4037 et
964 3980 1030 4038 tam
1053 3980 1252 4040 momentosa
1273 3993 1316 4051 re,

109 4126 112 4131 .
157 4064 356 4128 matrimonio
380 4061 509 4138 scilicet,
533 4060 664 4125 subtiles
686 4059 760 4124 illac
783 4065 816 4124 et
839 4061 919 4124 adeo
942 4059 1130 4142 multiplices
1158 4061 1315 4126 nullitatis

158 4167 281 4228 causae,
305 4167 385 4230 quae
407 4167 466 4213 nec
487 4167 592 4212 rernm
619 4154 734 4212 natura
760 4165 868 4212 omnes
891 4149 1074 4229 exiguntur,
1107 4166 1166 4213 nec
1198 4166 1315 4230 apru-

157 4237 351 4303 dentioribus
374 4236 450 4316 ipsis
473 4252 598 4316 semper
620 4235 725 4299 caveri
746 4239 886 4316 possunt,
911 4240 944 4299 et
965 4250 1047 4316 qrroe
1076 4232 1219 4300 infinitas
1243 4253 1314 4300 con·

146 4322 306 4402 'fessariis
330 4322 483 4404 parochis,
507 4327 540 4386 et
560 4320 747 4388 officialibus
770 4323 946 4387 anxietates
961 4327 994 4386 ct
1011 4321 1175 4389 molestias
1191 4330 1311 4388 creant.
