2946 4942
552 359 592 404 nr
615 357 796 406 mscmunts.
1191 342 1250 404 lot

88 503 159 564 ¹toto
183 500 260 564 orbe
281 502 451 576 terrarum,
475 498 528 578 qui
550 503 637 562 certo
661 497 764 562 dicere
779 502 887 578 posset
909 497 1038 577 quinam
1061 496 1124 560 sint
1146 512 1254 561 omnes

92 602 186 651 casus
216 585 361 668 papales,
395 591 428 649 et
454 584 493 648 de
519 602 582 650 non
609 585 718 665 paucis
748 584 862 648 merito
891 584 1054 649 dubitetur
1080 601 1122 649 an
1150 583 1255 648 adhuc

92 674 229 753 vigeant,
251 688 358 738 necue.

197 758 276 836 Quis
306 777 369 823 non
397 757 599 822 vehementer
631 762 719 838 optet
750 757 956 823 confessarios
991 763 1023 823 et
1049 759 1131 841 juris
1160 775 1198 823 ac
1221 756 1252 826 S.

92 847 271 927 theologiae
303 846 439 911 lectores
474 845 587 924 atali,
620 846 702 909 circa
724 863 792 910 rem
813 850 878 910 tam
902 864 1046 927 gravem,
1075 843 1255 910 confusione
1326 857 1328 863 ·

92 935 234 1000 liberari!
249 933 274 1015 ¹)

93 1143 144 1211 De
167 1142 311 1224 omologo
340 1160 471 1205 casuum
498 1139 530 1206 S.
556 1139 709 1220 Pontifici
730 1145 964 1205 resereotoram
990 1143 1085 1206 initio
1112 1102 1255 1223 cujusvis

335 1245 544 1325 pontificatus
567 1243 731 1308 exorando
754 1249 784 1309 et
800 1244 1008 1324 publicando.

197 1386 245 1451 Ne
269 1405 343 1452 vero
374 1385 506 1448 materia
536 1401 741 1448 censurarum
771 1391 803 1449 et
832 1391 1031 1465 peecatorum
1056 1385 1086 1450 S.
1109 1384 1253 1450 Pontifici

93 1480 325 1540 reservatomm
352 1472 468 1536 iterum
491 1471 610 1536 recidat
640 1472 673 1534 in
696 1470 908 1537 confusionem
936 1472 1025 1537 illam
1052 1491 1146 1554 quam
1169 1493 1253 1538 nunc

94 1563 251 1642 videmus,
283 1561 323 1625 de
344 1579 408 1641 qua
430 1559 564 1623 multum
587 1558 703 1639 ubique
734 1559 872 1639 doletur,
904 1565 936 1624 et
958 1560 1041 1626 unde
1070 1561 1255 1626 innumerae

95 1647 310 1727 difficultates,
342 1647 567 1724 dubitationes,
601 1646 860 1712 conscientiarum
889 1649 1067 1712 anxietates
1090 1667 1254 1730 emergere

93 1742 274 1816 noscuntur,
292 1739 473 1800 reverenter
496 1733 688 1814 postulatur,
713 1739 749 1798 ut
771 1734 903 1814 quilibet
926 1733 957 1801 S.
982 1733 1139 1814 Pontifex,
1163 1736 1255 1801 initio

93 1821 298 1891 Pontificatus
328 1823 390 1901 sui,
431 1820 606 1903 publicaret
640 1827 671 1885 et
701 1821 742 1885 ad
772 1822 932 1887 universos
963 1823 1048 1887 orbis
1079 1824 1253 1904 Episcopus

94 1912 244 1993 dirigeret
266 1909 444 1990 catalogum
467 1926 670 1973 censurarum
693 1915 726 1973 et
741 1915 942 1990 peccatorum
965 1928 1047 1991 quae
1068 1911 1129 1975 sibi
1150 1929 1253 1976 reser-

94 2017 166 2065 vare
195 1998 344 2076 intendit,
377 1999 423 2061 ita
452 2002 488 2060 ut
523 2015 580 2077 pro
610 1996 773 2078 abrogatis
804 1996 968 2062 habendae
1005 2003 1111 2063 essent
1143 2016 1253 2064 omnes

93 2086 315 2168 praecedentes
338 2085 565 2148 reservationes
588 2102 669 2164 quae
692 2085 724 2148 in
748 2083 890 2165 catalogo
906 2085 1068 2151 Pontificis
1091 2085 1253 2166 regnantis

93 2173 262 2255 inscriptae
284 2189 347 2237 nou
368 2172 593 2252 reperirentur.
1115 2231 1118 2239 ,

109 2263 112 2268 ’
197 2261 268 2325 Duo
292 2259 428 2323 maxima
443 2259 605 2323 commoda
628 2277 667 2322 ex
690 2257 746 2323 illa
761 2262 851 2340 praxi
871 2258 1075 2340 profluerent:
1100 2258 1252 2340 Primum,

94 2347 176 2428 quod
199 2347 346 2427 deinceps
368 2345 461 2410 facile
492 2350 525 2410 et
547 2353 634 2416 certo
661 2347 735 2411 sciri
757 2346 797 2409 ab
828 2349 972 2413 omnibus
994 2352 1103 2428 posset
1124 2348 1252 2428 quinam

95 2452 184 2500 casus
208 2435 272 2498 sint
294 2434 461 2512 reservati,
486 2433 537 2497 vel
559 2451 631 2497 non.
664 2432 870 2517 Secundum,
896 2435 980 2515 quod
1003 2434 1167 2515 catalogus
1189 2433 1253 2514 ille,

95 2541 161 2587 cum
186 2523 231 2587 sic
254 2521 401 2586 revisioni
416 2520 689 2601 frequentissimae
712 2522 925 2603 subjiciendus
948 2527 1040 2601 esset,
1065 2528 1254 2602 opportune,

94 2615 186 2689 prout
208 2609 399 2673 mutationes
421 2626 527 2672 rerum
547 2607 581 2671 id
603 2607 818 2689 postularent,
846 2608 1086 2687 reformaretur3
1113 2627 1173 2674 nec
1194 2627 1252 2672 un-

95 2713 187 2779 quam
204 2697 342 2761 eveniret
357 2695 589 2760 reservationes
612 2696 728 2759 multas
746 2714 879 2778 semper,
904 2702 939 2761 ut
961 2715 1045 2761 nunc
1066 2695 1112 2775 fit,
1134 2697 1254 2779 injure

92 2801 290 2863 permanere,
314 2783 411 2848 etiam
433 2787 600 2864 postquam
623 2784 764 2864 ipsorum
786 2783 909 2848 utilitas
932 2784 1150 2868 cessaveriti)
1319 2844 1322 2849 .

199 2871 300 2936 Valde
323 2887 446 2951 quoque
478 2871 650 2950 optandum
672 2877 781 2950 esset,
812 2878 941 2953 propter
964 2872 1080 2937 similes
1103 2871 1252 2948 rationes

89 2969 123 3026 ut
148 2958 293 3043 eiusdem
315 2959 439 3040 generis
462 2957 625 3039 catalogus
656 2959 744 3023 initio
768 2961 905 3043 cujusvis
929 2958 1128 3041 pontificatus
1152 2957 1253 3040 publi·

85 3054 231 3125 caretur,
265 3045 359 3110 etiam
389 3063 446 3126 pro
477 3047 617 3111 censuris
647 3049 918 3125 non‘reservatis,
951 3052 1061 3128 utpote
1092 3064 1187 3127 quae,
1219 3046 1252 3110 in

242 3171 303 3178 ,......,,,

205 3237 224 3306 Ι)
243 3235 282 3290 cf.
301 3237 439 3304 postulata
458 3236 560 3293 Concil.
580 3238 654 3290 Trid.
675 3238 830 3304 proposita:

199 3305 296 3376 „Quod
319 3307 346 3359 in
366 3306 427 3360 foro
451 3307 637 3361 conscientiae
660 3308 768 3374 possint
786 3308 915 3376 Episcopi
939 3323 955 3362 a
979 3308 1088 3362 casibus
1107 3308 1253 3362 reservatis

72 3371 193 3449 Papae,
213 3377 335 3444 exceptis
352 3377 449 3444 poenis
467 3378 649 3445 gravissimis,
669 3378 826 3446 absolvere,
846 3385 875 3432 et
894 3379 1054 3446 dispensare
1072 3379 1101 3431 in
1118 3377 1254 3445 irregula-

70 3449 221 3506 ritatibus
240 3490 246 3502 .
266 3487 273 3501 .
292 3488 300 3503 .
318 3452 346 3500 et
364 3446 437 3512 quod
460 3449 568 3514 possint
586 3447 730 3502 absolvere
755 3448 838 3503 semel
861 3449 1009 3503 invitaet
1031 3449 1058 3502 in
1077 3449 1172 3501 mortis
1190 3449 1252 3502 arti·

71 3521 168 3644 culfi,
195 3523 227 3571 ut
243 3516 335 3656 {apae
358 3517 508 3584 placuerit,
535 3519 606 3571 sicut
630 3518 792 3572 conceditur
811 3519 983 3587 Religiosis.“
1020 3518 1138 3587 (Postul.
1156 3517 1253 3574 Barth.

69 3595 94 3637 a
155 3598 241 3656 artyr.
725 3638 727 3641 ,

199 3655 355 3726 „Ordiuarii
374 3657 402 3709 iu
420 3657 481 3711 foro
500 3658 684 3712 conscientiae
701 3659 818 3727 possint,
837 3665 974 3713 anunente
993 3674 1099 3712 summo
1112 3657 1254 3724 Pontifice,

67 3727 237 3784 absolvere
256 3732 283 3779 et
301 3725 462 3794 dispensare
480 3743 675 3796 quoscumque,
694 3730 777 3783 etiam
790 3730 817 3782 iu
836 3729 944 3783 casibus
963 3730 1122 3797 reservatis,
1141 3735 1168 3782 ct
1185 3730 1253 3782 irre-

67 3795 288 3858 gularitatibus
308 3837 313 3849 .
333 3836 339 3849 .
359 3835 364 3846 .
383 3813 416 3850 ac
436 3797 542 3851 demum
565 3799 672 3866 possint
696 3800 725 3852 in
749 3799 810 3853 foro
830 3800 1026 3867 conscientiae,
1050 3814 1120 3866 qnae
1137 3805 1253 3867 possunt

66 3856 304 3924 poenitentiarii
322 3866 464 3933 majores.“
503 3867 620 3936 (Postul.
640 3871 779 3924 sariorum
796 3868 937 3938 Episcop.)
1084 3884 1086 3893 ·

201 3935 391 4003 „Decernatur
410 3939 490 3992 etiam
515 3954 608 3992 omnes
632 3945 659 3992 et
676 3956 860 4008 quoscumque
879 3956 959 3994 casus
984 3941 1030 4007 qui
1054 3920 1089 3993 ad
1107 3938 1195 3992 fortun
1212 3939 1253 3991 in·

65 4003 178 4062 terius
197 4012 324 4072 spectant
343 4047 350 4061 .
368 4050 375 4063 .
395 4050 401 4063 .
421 4007 629 4062 Ordinariornm
647 4013 694 4062 uni
712 4011 824 4064 arbitrio
843 4010 1049 4064 committendos
1068 4024 1139 4077 esse,
1157 4016 1254 4063 aucto·

66 4076 166 4132 Pitati
185 4084 216 4129 et
230 4075 361 4144 judicio.“
398 4076 514 4146 (Postul.
534 4080 618 4147 Regis
637 4080 735 4146 Lusit.)

202 4145 225 4213 Ω)
244 4145 453 4214 „Gemmarum
472 4151 782 4204 excommunicationum
800 4157 848 4206 aut
865 4151 1105 4218 irregularitatum
1123 4151 1251 4218 omnium,

71 4217 177 4272 variis
194 4221 231 4270 et*
241 4216 437 4286 multiplicibus
452 4220 480 4272 in
499 4221 740 4275 constitutionibus
759 4236 967 4290 expressarum,
985 4221 1031 4274 vix
1049 4222 1130 4276 etiam
1148 4219 1250 4288 passim

70 4291 101 4338 a
128 4285 262 4355 pluribus
290 4293 319 4341 et
345 4288 428 4356 vulgo
455 4292 638 4359 cognitarum,
671 4292 807 4347 habeatur
833 4291 1051 4360 conficimurque
1084 4287 1252 4358 catalogus‘

71 4347 211 4415 (Postul.
230 4356 313 4425 Regis
330 4356 453 4413 Lusitan.
471 4361 507 4414 ad
526 4361 626 4415 concil.
644 4361 733 4432 Trid.]

150 4456 277 4511 Martia,
290 4459 442 4507 Decuma
470 4463 532 4507 Erus.
546 4465 576 4508 ll
1113 4454 1141 4502 ll
