2946 4942
653 322 822 371 Posmmsnl

581 531 767 596 Beatissimo
790 532 904 598 Pater!

263 672 524 737 Inlallibilitatem
552 672 671 737 Summi
699 671 859 738 Pontificis
894 694 933 737 ccc
961 673 1115 738 cathedra
1148 673 1322 754 loquentis,

154 779 239 842 ¹quae
263 760 503 825 evidentissimis
526 759 701 824 divinarum
730 759 895 824 literarum
919 765 951 824 et
974 759 1165 826 Sanctorum
1189 760 1322 825 Patrum

157 848 311 930 probatur
337 847 539 925 testimoniis,
571 865 728 927 quamque
752 849 889 911 maxima
913 847 1030 912 Christi
1062 846 1203 912 fidelium
1237 864 1321 928 pars,

156 955 214 1017 per
230 935 471 1000 Oecumenioum
487 934 673 999 Vaticanum
689 923 861 998 Concilium
886 932 1008 999 definiri
1031 935 1199 1014 desiderat,
1226 933 1322 999 hodie

155 1041 177 1086 a
192 1022 381 1102 quibusdam
403 1022 603 1086 vehementer
625 1028 839 1103 oppugnatam
863 1024 1080 1103 comperimus.
1118 1021 1199 1086 Hinc
1222 1039 1321 1101 grave

157 1110 257 1175 oritur
280 1109 479 1186 scandalum,
511 1108 595 1189 quod
627 1107 699 1172 fidei
734 1108 929 1189 simplicitati
963 1127 1026 1173 non
1058 1127 1172 1190 parum
1205 1109 1320 1175 obesse

80 1199 82 1203 ’
156 1198 282 1279 poterit.
327 1195 408 1260 Nam
431 1215 506 1259 vera
537 1194 625 1260 falsis
649 1197 885 1261 commiscentes
916 1201 947 1260 et
969 1197 1006 1260 iis
1030 1214 1112 1277 quae
1136 1197 1222 1261 clara
1246 1200 1323 1260 sunt

157 1285 305 1348 tenebras
328 1284 519 1349 obducentes
553 1281 744 1362 „Ecclesiam
767 1284 855 1347 illam
886 1283 926 1346 ad
955 1301 1048 1364 quam
1072 1321 1115 1330 -
1138 1289 1175 1347 ut
1198 1282 1230 1348 S.
1257 1283 1322 1347 Ire·

157 1390 256 1436 naeus
280 1372 380 1434 alt-
400 1376 528 1451 propter
552 1371 706 1451 potiorem
729 1370 996 1451 principalitatem
1020 1388 1147 1436 necesse
1171 1377 1222 1434 est
1246 1388 1323 1435 con·

156 1459 263 1523 venire
279 1477 332 1522 eos
348 1459 400 1538 qui
423 1463 497 1522 suut
512 1457 650 1538 undique
665 1457 783 1536 fideles
808 1462 841 1523 et
862 1458 895 1522 in
911 1476 974 1539 qua
990 1476 1113 1539 semper
1129 1463 1323 1545 conservat-a

158 1553 208 1610 est
225 1564 263 1610 ea
286 1564 368 1626 quae
390 1550 439 1609 est
463 1545 502 1608 ab
526 1545 684 1626 Apostolis
707 1545 864 1623 t1·aditio,“
884 1545 1000 1611 nedum
1015 1563 1122 1610 errare
1137 1562 1242 1626 posse,
1261 1544 1323 1610 sed

158 1634 253 1698 etiam
277 1633 445 1714 aliquando
470 1649 592 1696 errasse
615 1633 647 1696 in
671 1633 791 1697 animos
814 1633 965 1699 inducere
987 1633 1195 1709 contendunt;
1231 1629 1324 1696 Chri-

157 1722 260 1800 stique
290 1721 322 1784 in
352 1721 446 1784 terris
469 1718 643 1798 Vicarium,
675 1721 763 1801 cujus
787 1728 835 1784 est
864 1719 1050 1785 confirmare
1073 1718 1203 1798 fratrea,
1234 1736 1321 1784 nea

156 1807 217 1871 fide
239 1805 402 1885 deficiant,
434 1806 594 1872 doctrinas
624 1808 842 1872 aclrristianis
873 1808 1013 1872 moribus
1043 1807 1164 1872 alienas
1194 1804 1321 1887 pluries

157 1893 302 1960 docuisse
324 1911 362 1960 ac
382 1892 415 1957 in
444 1892 602 1977 haeresim
624 1895 821 1974 prolapsum,
857 1912 920 1959 non
943 1895 1011 1960 sine
1033 1913 1148 1975 magna
1171 1892 1319 1959 fidelium

154 1983 396 2063 perturbatione
420 1987 452 2045 et
473 1981 633 2047 Ecclesiae
657 1983 851 2046 inimicorum
873 1982 998 2047 laetitia
1021 1981 1180 2064 evulgant.

262 2069 350 2146 Quae
373 2087 444 2133 cum
467 2068 511 2131 ita
534 2069 609 2148 sint,
641 2069 813 2149 optandum
843 2087 955 2135 censeo
980 2075 1015 2134 ut
1038 2068 1175 2150 quidde
1198 2068 1322 2136 infalli-

156 2155 279 2220 bilitate
294 2156 427 2220 Romani
444 2153 601 2220 Pontificis
624 2158 656 2220 in
680 2158 815 2221 materia
836 2155 918 2235 lidei,
944 2162 1106 2238 tamquam
1129 2156 1321 2223 universalis

154 2243 318 2308 Ecclesiae
342 2243 478 2306 doctoris
502 2243 688 2323 deficientia,
721 2245 761 2308 ab
784 2245 928 2308 omnibus
951 2244 993 2308 sit
1017 2244 1219 2322 credendum,
1255 2244 1316 2311 Sa-

156 2334 321 2396 crosancta
343 2329 500 2411 synodus,
531 2332 615 2412 apud
646 2330 860 2413 Apostolicam
888 2330 1080 2396 cathedram
1113 2340 1319 2414 congregata,

149 2418 277 2498 aperiat
300 2436 336 2480 ac
360 2418 515 2483 decernat.
567 2418 604 2482 Id
627 2419 710 2482 enim
739 2438 802 2482 non
832 2419 923 2483 modo
947 2426 1175 2504 opportunum,
1206 2437 1320 2485 verum

156 2505 252 2570 etlam
276 2507 487 2570 necessarium
510 2505 643 2572 videtur.
668 2526 706 2571 oe
729 2505 868 2570 fidelium
891 2512 1014 2570 mentes
1031 2503 1224 2571 fluctuantes
1241 2507 1316 2584 sint,

155 2600 187 2657 et
210 2591 470 2657 circumferantur
493 2593 577 2657 omni
601 2598 693 2657 vento
717 2593 889 2670 doctrinae,
922 2592 954 2656 in
976 2593 1118 2674 nequitia
1142 2592 1317 2671 hominum,

152 2679 188 2744 in
210 2680 329 2744 astutia
351 2679 392 2744 ad
416 2680 712 2745 circumventionem
739 2682 866 2746 erroris

260 2765 473 2848 Quapropter,
508 2767 693 2833 Beatissime
716 2768 824 2847 Pater,
858 2768 911 2848 qui
941 2766 1118 2833 naviculam
1142 2767 1316 2847 Ecclesiae,

153 2855 236 2919 inter
258 2853 397 2918 furentes
415 2855 666 2934 persecutionum
688 2855 799 2934 undas,
824 2874 864 2920 ne
879 2855 1105 2936 impingeretur
1120 2855 1152 2918 in
1167 2873 1312 2925 erronum

153 2947 266 3023 syrtes,
291 2959 310 3005 a
333 2939 458 3006 Christo
475 2941 616 3023 Domino,
640 2943 672 3006 in
694 2961 828 3024 persona
843 2942 934 3007 Beati
950 2943 1045 3021 Petri,
1069 2942 1311 3024 gubernandam

154 3029 328 3110 suscepisti,
351 3029 508 3092 instanter
530 3030 663 3110 postulo,
686 3030 831 3094 atillam
854 3031 1099 3095 controversiam
1115 3028 1205 3095 Sacri
1229 3028 1309 3096 Gon·

150 3116 217 3182 cilii
236 3116 353 3200 judicio
377 3116 488 3198 subjici
510 3119 685 3199 permittas
710 3135 771 3198 qua
786 3117 916 3182 tandem
939 3115 1077 3194 definita,
1102 3117 1239 3199 idipsum
1266 3116 1312 3183 di·

153 3223 262 3275 camus
285 3221 403 3283 omnes,
434 3208 467 3269 et
489 3204 587 3269 simus
617 3204 749 3285 perlecti
771 3205 802 3270 in
833 3205 944 3270 eodem
966 3222 1060 3268 sensu
1087 3205 1176 3269 etin
1200 3205 1311 3271 eadem

154 3292 324 3356 sententia.

261 3411 447 3477 Sanctitatis
470 3418 544 3479 tuae

420 3551 543 3618 Humus
568 3559 601 3618 et
624 3554 759 3619 Obsrirus
783 3554 814 3617 in
838 3551 963 3618 Christo
987 3569 1096 3616 seruus

569 3692 686 3776 †Ant.
710 3692 775 3759 Jos.
800 3692 910 3775 Pluym
934 3691 993 3774 Ep.
1018 3692 1225 3774 Nicopolitan.

262 4041 411 4106 Arvando
435 4042 464 4106 io
489 4059 613 4123 sempre
636 4044 785 4122 ritenuta
814 4059 832 4106 e
855 4040 986 4106 iacendo
1009 4038 1176 4122 insegnare
1198 4039 1229 4104 al
1252 4040 1315 4104 mio

147 4127 278 4208 zgiovine
301 4125 394 4193 Glero
423 4128 455 4192 la
477 4130 618 4195 dottrina
646 4128 717 4194 dell'
741 4129 934 4195 infallibilita
962 4128 1011 4192 del
1036 4127 1152 4192 Nostro
1176 4125 1263 4210 Gapo
1287 4126 1310 4192 il

153 4211 282 4279 Summo
304 4215 462 4282 Pontefice
489 4217 639 4296 „Quando
662 4239 700 4282 ec
723 4217 875 4282 cathedra
889 4217 1002 4280 statutt
1024 4234 1063 4279 oc
1080 4214 1251 4294 praecipit,
1275 4214 1311 4278 ic

150 4301 249 4366 rebus
274 4301 351 4382 fidet
382 4322 420 4367 ac
441 4323 576 4381 moram,
608 4325 688 4387 qaae
711 4305 749 4369 ab
780 4304 925 4368 omao'bas
949 4301 1221 4381 Christifidclibas
1244 4321 1310 4366 cre-
