2946 4942
631 336 668 382 on
691 335 869 384 omentum.
1248 325 1309 386 137

151 479 185 540 et
213 473 380 538 honestate
403 473 588 538 clericorum
613 476 807 553 sanctiones,
837 482 869 540 et
892 475 1104 542 saluberrima
1126 478 1311 558 praesertim

138 562 282 628 -Patrnm
304 559 558 624 Tridentinorum
580 562 748 643 Decretal)
772 564 890 627 servari
914 563 1058 628 districte
1077 563 1235 643 jubemus.

256 648 427 713 Mundanis
457 648 619 713 desideriis
654 654 686 713 et
720 648 840 713 deliciis
874 669 908 714 se
941 650 1077 714 detineri
1112 651 1218 715 cleriei
1248 669 1311 717 non

149 736 271 815 sinant,
304 735 360 799 sed
383 735 466 799 serio
489 737 663 816 cogitantes
686 755 795 800 verum
819 736 930 802 altaris
955 739 1133 802 ministrum
1157 739 1223 802 Deo
1248 756 1311 804 non

150 825 209 890 sibi
243 827 353 888 natum
384 825 495 903 esse‚²)
518 841 575 886 nec
598 823 690 904 culpa
711 842 825 888 vacare
847 825 884 904 si,
908 827 1019 890 messis
1042 825 1142 889 multa
1166 844 1235 890 cum
1258 827 1310 905 sit,

150 912 297 977 laborare
331 910 509 976 detrectent
541 911 575 974 in
610 928 686 991 agro
710 910 851 989 Domini,
888 931 997 977 omnes
1032 914 1150 994 proprii
1173 916 1311 978 muneris

150 1004 259 1080 partes
293 997 533 1079 diligentissime
566 997 728 1078 impleant.
785 998 890 1075 Quum
924 1005 1030 1065 autem
1055 998 1155 1065 forma
1178 1002 1311 1065 vestium

151 1085 255 1152 soleat
289 1102 359 1150 esse
392 1103 513 1148 morum
547 1085 736 1166 indicium‚³)
768 1085 909 1150 habitum
947 1086 1090 1151 deferant
1123 1088 1173 1168 qui
1205 1105 1307 1168 neque

149 1174 228 1237 luxu
258 1191 360 1253 neque
394 1171 541 1253 squalore
572 1171 679 1237 oculos
720 1173 909 1237 intuentium
944 1172 1098 1253 offendat,
1134 1174 1189 1239 sed
1221 1174 1311 1255 juxto

149 1261 300 1342 Episcopi
333 1258 563 1324 ordinationem
595 1261 722 1340 proprio
758 1260 941 1325 clericorum
973 1263 1075 1326 ordini
1099 1279 1137 1326 ac
1160 1256 1310 1343 dignitati

150 1352 314 1429 congruat.
360 1346 536 1411 Tonsuram
559 1364 682 1427 quoqne
705 1346 879 1411 clericalem
903 1355 1025 1429 gerant,
1051 1355 1084 1413 et
1100 1348 1220 1430 capillis
1237 1350 1312 1414 sirn-

149 1436 263 1516 plicem
298 1433 416 1499 cultum
452 1434 630 1498 adhibeant.
683 1434 820 1498 Profana
858 1442 890 1500 et
919 1436 1027 1501 inania
1049 1438 1231 1517 spectacula
1253 1437 1312 1502 sibi

150 1522 309 1604 prohibita
332 1538 401 1586 esse
424 1523 532 1602 sciant,
555 1540 595 1586 ne
617 1519 699 1587 forte
721 1540 814 1586 aures
837 1531 871 1587 et
894 1523 976 1588 oculi
999 1525 1099 1588 sacris
1123 1522 1233 1589 officiis
1256 1524 1311 1589 ad-

151 1610 228 1674 dicti
250 1609 379 1674 ludicris
403 1608 580 1673 actionibus
604 1609 859 1690 sermonibusque
884 1610 1027 1676 distracti
1048 1612 1311 1675 contaminentur.

150 1698 200 1763 Ab
222 1698 487 1778 intemperantiae
509 1697 594 1773 vitio,
618 1697 701 1776 quod
726 1696 886 1762 carnalem
909 1699 1044 1761 animam
1077 1698 1183 1762 reddit
1206 1706 1238 1762 et
1260 1704 1313 1763 ex-

151 1787 304 1863 caecata
334 1783 540 1848 abhorrentes
575 1782 680 1847 sobrie
707 1785 815 1848 vivant
838 1784 871 1848 in
895 1784 954 1849 hoo
979 1785 1121 1864 saeculo,
1145 1792 1179 1850 et
1202 1783 1311 1849 sedulo

151 1872 272 1936 evitare
295 1872 444 1935 studeant
459 1889 540 1951 qnae
554 1890 573 1934 a
588 1870 693 1934 radice
708 1872 885 1951 superbiae,
903 1873 1093 1953 cupiditatis
1112 1877 1144 1936 et
1159 1873 1312 1936 avaritiae

150 1959 322 2040 procedere
356 1958 594 2040 dignoscuntur.
651 1957 827 2039 Diligenter
861 1960 957 2023 etiarn
992 1965 1126 2025 caveant
1158 1978 1196 2023 ne
1229 1959 1312 2024 bona

153 2046 377 2124 ecclesiastica,
402 2063 481 2126 qnae
505 2063 556 2109 res
573 2045 632 2108 liei
656 2052 730 2110 sunt
753 2051 785 2111 et
807 2047 1032 2127 patrimonium
1050 2045 1167 2111 Christi
1182 2065 1219 2111 ac
1236 2065 1312 2128 pau·

152 2152 283 2216 perum,
318 2151 387 2197 cum
425 2133 560 2213 propriis
589 2131 837 2211 confundantur,
863 2151 1011 2197 eorumve
1033 2133 1154 2198 fructus
1177 2134 1218 2198 ad
1240 2152 1313 2198 eon·

153 2222 344 2303 sanguineos
378 2220 427 2283 uel
461 2219 614 2284 haeredes
641 2222 851 2303 transeant.⁵)
897 2220 985 2297 Quae
1010 2228 1118 2285 autem
1141 2221 1179 2284 de
1203 2238 1314 2286 saecu·

153 2309 271 2374 laribus
295 2309 396 2384 euris,
430 2308 562 2371 maxime
585 2325 659 2371 vero
683 2308 721 2371 de
744 2309 841 2371 vetita
865 2307 987 2372 clericis
1010 2309 1233 2389 negotiatione,
1258 2325 1315 2389 per

154 2395 312 2475 generalia
336 2393 477 2459 Concilio
511 2394 561 2458 vel
583 2394 848 2458 Praedecessores
876 2395 1026 2474 NostroS,
1050 2396 1238 2476 praesertim
1262 2393 1314 2460 tel.

154 2496 213 2547 rec.
246 2482 454 2547 Benedictum
489 2481 604 2556 XIV.⁶)
637 2488 669 2544 et
703 2479 895 2546 Clementem
928 2483 1049 2565 xum)
1079 2482 1156 2546 alias
1191 2483 1314 2546 sancita

155 2569 291 2650 inerunt,
314 2570 459 2649 religiose
482 2569 659 2634 observent.

638 2827 774 2894 CAPUT
797 2828 836 2893 ΙΙ,

261 2951 387 3028 Clerici,
423 2951 559 3032 cujusvis
593 2952 673 3014 ritus
697 2958 729 3014 et
752 2952 903 3031 nationiS,
927 2952 1118 3030 beneficiati,
1144 2950 1194 3014 vel
1217 2951 1316 3017 sacris

158 3040 269 3103 initiati
303 3039 480 3115 ordinibuS,
519 3038 660 3118 quamvis
696 3038 816 3101 nullum
851 3038 1099 3103 ecclesiasticum
1129 3037 1313 3103 beneficium

158 3126 272 3191 luerint
295 3126 474 3206 assecuti,⁸)
499 3125 698 3189 meminerint
720 3144 754 3189 se
778 3126 818 3189 ad
842 3127 981 3190 divinum
1006 3124 1143 3190 officium
1158 3127 1316 3206 integrum

163 3215 299 3293 quotidie
333 3215 400 3277 sive
431 3214 463 3276 in
487 3211 630 3276 Ecclesia
653 3213 720 3276 sive
743 3213 889 3294 privatim
912 3213 1106 3277 recitandum
1130 3214 1188 3277 sub
1212 3212 1317 3292 gravis

162 3302 270 3382 eulpae
293 3305 384 3364 reatu
405 3301 515 3365 teneri.
538 3299 576 3363 Id
597 3306 789 3378 reverenter,
815 3300 971 3378 distincte,
995 3318 1032 3364 ac
1056 3300 1167 3364 devote
1189 3297 1317 3377 faciant,

162 3405 217 3466 quo
242 3394 276 3454 et
299 3389 368 3464 sibi,
392 3394 425 3452 et
449 3386 620 3452 christiano
651 3387 767 3468 populo
790 3388 935 3453 coelestis
959 3388 1080 3469 gratiae
1103 3387 1185 3452 dona
1209 3405 1228 3450 a
1250 3387 1318 3451 Deo

162 3473 343 3557 impetrent,
379 3481 413 3539 et
442 3476 475 3538 in
498 3475 610 3538 divinis
633 3474 778 3538 laudibus
801 3475 1014 3557 persolvendis
1038 3474 1189 3555 angelicis
1213 3473 1316 3538 choris

163 3560 254 3646 tigne
277 3563 505 3628 consocientur.

162 3699 370 3714 *uu——

268 3770 290 3836 ¹)
310 3768 382 3823 Sess.
402 3770 474 3822 XlV.
495 3771 573 3823 Decr.
594 3771 626 3822 do
646 3770 765 3823 Reform.
788 3771 902 3823 Proocm
931 3780 958 3823 et
979 3785 1037 3836 cap.
1056 3770 1081 3820 6.
1100 3777 1127 3822 et
1148 3767 1222 3824 Sese.
1232 3767 1319 3822 XXII.

155 3850 215 3908 cap·
239 3839 482 3975 11119181111111111.
501 3910 529 3961 in
548 3910 594 3962 Ps.
617 3911 674 3962 118.

267 3982 291 4047 ³)
312 3979 339 4031 S.
358 3979 481 4032 Bernard
511 3979 554 4031 Dc
573 3979 705 4034 consider.
724 3979 769 4034 lib.
791 3980 836 4031 llI.
856 3995 915 4044 cap.
937 3978 976 4030 ll.
998 4012 1001 4017 ‹

268 4053 292 4131 ft
313 4053 341 4104 ὃ.
360 4048 438 4137 10111.
451 4049 556 4130 Chrys.
576 4048 654 4133 Hom.
673 4052 707 4101 45
727 4049 761 4101 al.
781 4051 815 4101 44
834 4049 862 4101 in
881 4049 958 4141 ioan.

267 4117 994 4256 111,1111111111111

269 4257 290 4326 ⁷)
310 4258 402 4311 Coust.
423 4258 486 4309 Gom
502 4259 622 4325 priorum
644 4260 683 4311 17,
703 4257 777 4324 Sept.
802 4259 874 4310 1759.

268 4331 291 4393 ⁸)
312 4328 411 4382 Bened.
431 4328 502 4380 XlV.
523 4329 614 4381 Const.
634 4327 678 4380 Eo
698 4329 820 4394 quamvis
840 4331 864 4379 4.
885 4327 952 4393 Maji
973 4329 1047 4379 1745.
