2954 4936
622 332 663 378 on
685 331 864 380 urscmmm.
1122 331 1124 335 ·
1263 316 1324 378 189

156 471 299 536 muneris
333 471 383 536 sui
417 469 527 537 officiis
567 469 683 535 diutius
718 470 917 550 detinentur,
956 475 1053 553 prout
1086 473 1161 535 sunt
1199 469 1324 552 vigiliae

155 558 320 660 imtorum,
343 558 493 640 sabbata,
525 558 701 624 dominicae
735 558 923 640 praesertim
952 557 1109 622 adventus
1133 562 1166 623 et
1188 557 1325 638 madra-

157 663 309 729 gesimae.

566 835 725 901 Rotioees
745 835 914 916 postulati.

270 981 298 1044 1.
321 975 419 1042 Juxta
440 976 631 1059 primitivam
653 975 803 1041 breviarii
825 974 1080 1056 dispositionem,
1110 977 1215 1040 totum
1238 973 1325 1055 psal-

159 1064 276 1128 terium
299 1063 430 1144 singulis
453 1062 656 1129 hebdomadis
679 1062 889 1143 recitabatur3
924 1080 1007 1128 nune
1034 1079 1111 1127 vero
1134 1065 1325 1144 repetuntur

156 1149 226 1216 lere
241 1169 368 1233 semper
382 1150 477 1216 iidem
492 1150 605 1232 psalmi
621 1150 661 1216 de
676 1151 834 1214 communi
850 1154 1044 1228 sanctorum3
1075 1149 1147 1214 hinc
1170 1147 1323 1213 minuitur

158 1238 361 1318 recitantium
384 1237 521 1315 devotio,
545 1241 577 1302 et
600 1236 757 1302 amittitur
788 1236 910 1302 fructus
942 1237 996 1318 qui
1024 1255 1062 1302 ex
1084 1235 1219 1301 aliorum
1240 1236 1323 1317 psal·

155 1342 284 1412 morum
307 1325 493 1391 recitatione
516 1325 635 1390 hauriri
659 1326 776 1405 posset.

269 1417 297 1479 2.
322 1411 454 1478 Perochi
477 1416 509 1477 et
531 1411 714 1478 confessarii
732 1410 798 1492 jam
824 1409 1005 1493 defatigati,
1040 1429 1103 1476 non
1131 1413 1205 1474 sunt
1226 1410 1322 1475 nimio

157 1517 257 1565 onere
279 1499 433 1581 marandi
456 1499 565 1565 diebus
589 1516 686 1581 supra
708 1498 871 1579 expositis.
1224 1529 1227 1534 ·

256 1638 343 1704 Huic
360 1638 574 1719 postulationi
596 1637 855 1718 subscripserunt
876 1642 920 1702 12
945 1637 1083 1704 Ooocilii
1105 1635 1232 1702 Patres.

638 1877 849 1885 —..-—-

638 1890 849 1900 -,----ι

579 2071 613 2153 5.
641 2069 907 2154 russonum

220 2227 495 2308 ouoaumouu
516 2228 814 2297 armooroaum
836 2227 1008 2295 ramma
1031 2226 1276 2294 curramus.

268 2385 433 2469 Episcopis
448 2386 561 2451 ltaliae
576 2387 733 2468 centralis,
757 2387 812 2468 qui
827 2387 939 2452 sedent
953 2387 985 2450 in
1001 2383 1143 2451 Concilio
1159 2385 1321 2464 Vaticano,

157 2479 194 2541 et
217 2474 310 2539 simul
342 2475 490 2556 privatim
520 2473 701 2539 consultant
734 2474 767 2538 in
795 2474 912 2539 bonum
934 2471 1094 2537 Ecclesiae
1116 2477 1148 2537 et
1176 2471 1210 2536 in
1233 2489 1323 2554 prae-

160 2561 359 2644 parationem
381 2578 490 2626 earum
513 2579 627 2643 rerum,
650 2579 732 2642 quae
756 2559 965 2627 conciliariter
987 2559 1188 2641 peragendae
1212 2564 1245 2624 et
1268 2559 1323 2624 de-

156 2647 319 2719 finiendae
341 2653 423 2728 sunt,
447 2648 550 2712 uisum
573 2654 622 2712 est
643 2647 711 2714 fore
733 2654 771 2712 ut
792 2646 950 2714 conferret
979 2647 1085 2711 ovium
1114 2647 1174 2711 sibi
1197 2663 1324 2711 concre-

162 2736 304 2801 ditarum
318 2735 472 2818 regimini,
488 2735 516 2800 si
531 2753 612 2817 quae
627 2734 711 2800 inira
726 2735 886 2800 humiliter
900 2733 1065 2817 postulant
1079 2752 1100 2799 a
1113 2732 1324 2799 Sacrosancta

161 2823 317 2888 Vaticana
332 2821 458 2904 Synodo
474 2823 692 2904 approbentur
707 2827 740 2888 et
756 2823 976 2889 decernantur.
1014 2822 1063 2887 Ea
1081 2827 1187 2887 tamen
1204 2819 1324 2886 Summi

160 2907 323 2976 Pontificis
353 2909 473 2992 judicio
506 2911 595 2991 prius
634 2910 840 2992 expendenda
873 2908 1061 2993 subjiciunt,
1102 2912 1196 2991 prout
1230 2907 1324 2974 Bulla

160 2996 368 3076 Multiplices
398 2997 483 3061 iuter
516 2998 676 3079 sapienter
709 2998 858 3079 disponit.
903 2996 984 3061 Sunt
1017 3000 1125 3061 autem
1159 3013 1240 3076 quae
1275 3013 1324 3060 se·

159 3089 317 3166 quuntur:

158 3234 162 3240 .
184 3190 191 3201 ’
262 3170 293 3236 1.
315 3169 361 3236 Ut
383 3177 457 3237 sunt
478 3189 529 3236 res
545 3170 664 3250 ltaliae,
688 3170 721 3234 in
745 3189 807 3252 qua
828 3170 880 3235 lex
901 3169 967 3236 lata
991 3175 1040 3236 est
1056 3171 1095 3236 de
1111 3169 1323 3249 mutriaouio,

128 3266 130 3270 ’
161 3263 198 3322 ut
220 3258 320 3341 ajunt,
353 3259 454 3337 ciuili,
486 3276 567 3339 quae
589 3257 682 3322 valde
703 3258 812 3323 turbat
834 3256 1027 3337 Ecclesiam,
1063 3275 1193 3323 necesse
1216 3262 1326 3321 estut

161 3345 309 3428 Episcopi
339 3345 547 3427 expeditiores
566 3345 646 3416 ,sint
679 3345 714 3409 in
748 3345 898 3411 exercitio
930 3345 980 3410 sui
1013 3345 1195 3423 ministerii,
1228 3349 1325 3424 utque

160 3433 294 3513 proinde
316 3451 356 3497 ea
377 3436 613 3511 removeantur,
648 3450 729 3513 quae
761 3433 944 3498 eorumdem
975 3433 1134 3498 actionem
1156 3436 1213 3496 aut
1234 3430 1325 3496 nimis

161 3516 296 3599 lentam,
332 3526 390 3584 aut
418 3537 547 3602 gravem
576 3519 670 3584 nimis
704 3521 854 3599 reddant,
889 3520 931 3584 ad
965 3519 1142 3586 amolienda
1175 3516 1325 3584 scandala

160 3604 271 3687 legalis
295 3605 532 3672 concubinatus.
576 3606 628 3671 llli
650 3608 734 3672 enim
757 3626 796 3672 ex
825 3606 1004 3686 catholicis,
1040 3607 1197 3688 quisunt
1229 3605 1325 3688 provi
1370 3618 1372 3625 ’

160 3693 269 3771 corde,
305 3699 338 3758 et
369 3694 452 3758 duro
479 3695 598 3758 ceruice
632 3693 722 3759 facile
755 3694 932 3760 detrectant
963 3693 1064 3774 legem
1097 3693 1323 3772 sanctissimam

161 3781 355 3846 matrimonii
377 3780 550 3860 christiani,
574 3781 635 3846 nisi
656 3788 785 3862 praesto
808 3783 882 3862 sint,
907 3787 940 3846 et
963 3781 1090 3862 quidem
1112 3798 1236 3862 semper
1257 3778 1323 3844 fere

160 3869 312 3950 gratuito,
336 3867 587 3950 dispensationes
610 3870 869 3949 matrimoniales,
893 3887 975 3949 quae
999 3868 1039 3933 ab
1062 3867 1204 3934 Ecclesia
1226 3867 1325 3931 ratio·

161 3954 258 4020 nabili
282 3956 321 4021 de
345 3973 458 4020 caussa
481 3954 609 4021 concedi
632 3956 735 4020 solent
758 3957 799 4021 ab
821 3955 1053 4038 impedimentis
1072 3956 1155 4037 juris
1176 3953 1324 4019 ecclesia-

162 4042 243 4109 stici
290 4043 397 4121 Quare
419 4043 514 4109 iidem
537 4041 686 4124 Episcopi
709 4061 830 4108 summo
855 4042 959 4108 studio
982 4048 1111 4125 petunt:

158 4148 160 4154 ·
265 4130 304 4193 A.
327 4129 372 4194 Ut
394 4131 577 4212 praedictae
606 4130 857 4211 dispensationes
891 4129 1160 4194 communicentur
1191 4128 1325 4202 maxima

162 4231 225 4296 qua
247 4213 317 4283 fieri
339 4221 446 4298 potest
469 4223 501 4282 et
522 4218 675 4298 temporis
698 4223 732 4282 et
754 4222 897 4299 sumptus
921 4217 1116 4298 oeconomia,
1140 4213 1325 4281 modificatis

158 4301 292 4400 insuper
315 4304 502 4386 quibusdam
527 4310 584 4369 aut
607 4304 808 4371 subobscuris
831 4308 888 4369 aut
911 4303 1100 4369 duriusculis
1127 4302 1280 4370 formulis.
