2946 4942
166 309 227 369 186
657 317 824 365 rosnacum

164 461 336 527 hodiernae
359 458 447 540 praxi
471 457 751 535 accommodatum,
774 461 807 523 et
821 457 854 521 in
876 457 979 520 varios
995 455 1114 534 titulos
1139 454 1247 535 capita
1263 459 1321 519 etc.

161 566 222 630 pro
246 546 448 611 materiarum
472 546 627 610 varietate
650 545 860 609 distributum.

269 653 396 730 Romae,
422 655 473 715 29.
496 650 648 729 ianuarii,
672 651 704 714 in
728 649 823 714 Festo
845 647 877 714 S.
900 649 924 712 F
926 648 1059 713 rancisci
1081 646 1203 726 Salesii‚
1232 650 1323 712 1870.

270 773 356 838 Huic
371 772 585 853 postulationi
608 772 866 852 subscripseruat
888 773 908 833 5
934 768 1071 835 Otacilii
1094 768 1222 833 Patres.

581 1258 618 1340 4.
646 1256 914 1340 rossontus

165 1389 592 1465 ARCHIEPISCOPORUM
615 1396 669 1461 ET
694 1396 990 1462 EPISCOPORUM
1006 1395 1328 1463 PROVINCIARUM

385 1501 675 1593 QUEBEOENSIS
698 1502 752 1566 ΕΤ
775 1501 1104 1568 HALIFAXIENSIS.

647 1691 847 1758 Postulatum

166 1838 203 1897 ut
225 1835 323 1898 totius
350 1832 430 1912 juris
453 1832 668 1905 ecelesiastici,
684 1820 829 1896 ¹curante
852 1830 979 1896 Summo
1008 1830 1168 1909 Pontifica
1196 1838 1328 1913 peraeto

168 1919 304 1986 Concilio
321 1919 482 1997 Vaticano,
507 1918 562 1983 fiat
585 1918 760 1984 acdificatio
777 1937 847 1983 cum
871 1920 909 1983 iis
933 1919 1145 1984 additionibus
1169 1926 1202 1983 et
1226 1925 1329 1984 muta·

166 2007 402 2160 tiplmlpnstgrlpac
419 2008 578 2088 praesenti
594 2025 700 2071 rerum
717 2007 815 2070 statui
826 2007 967 2072 utiliores
983 2012 1016 2072 et
1028 2007 1329 2072 accommodatiores

168 2115 198 2159 vr
222 2114 239 2160 e
265 2115 305 2158 un
364 2146 370 2159 .

582 2249 738 2315 Rationes
755 2250 921 2330 postulati.

276 2395 303 2453 l.
338 2388 475 2454 Facilior
498 2395 529 2453 et
552 2391 744 2455 communior
777 2391 925 2455 evaderet
956 2391 1094 2472 cognitio
1122 2390 1216 2472 hujus
1241 2392 1330 2473 juria,
1452 2435 1472 2463 .

164 2477 252 2560 quod
267 2496 350 2542 nunc
371 2496 450 2558 pene
473 2479 643 2541 innumeris
661 2478 936 2542 constitutionibus
953 2483 985 2542 ct
1008 2478 1180 2542 canonibus
1197 2484 1329 2544 constat.
1455 2521 1469 2532 -

276 2569 305 2630 2.
341 2564 442 2629 Multa
465 2565 496 2628 in
513 2564 749 2629 desuetudinem
773 2564 928 2644 abierunt,
952 2565 1002 2629 vel
1018 2564 1225 2645 impossibilia
1248 2565 1330 2631 facta
1448 2603 1468 2620 -

165 2658 252 2731 sunt,
277 2652 327 2716 vel
350 2653 382 2715 iu
406 2653 574 2716 maximum
598 2651 758 2716 Ecclesiae
781 2654 896 2716 bonum
921 2653 1036 2716 mutari
1058 2659 1200 2733 possunt.

264 2790 350 2854 Huic
367 2791 580 2870 postulationi
602 2791 858 2872 subscripserant
880 2795 922 2854 13
947 2790 1084 2856 Coaciiii
1106 2791 1234 2857 Patres.

654 3208 851 3275 Postulatum

169 3354 207 3413 ut
229 3350 260 3413 in
285 3347 423 3414 Concilio
447 3351 599 3414 Vaticano
623 3349 849 3428 consideretur,
874 3356 981 3413 utrum
1004 3349 1205 3429 expediatis
1232 3350 1330 3414 totius

161 3438 248 3520 ,juris
288 3436 494 3501 ecclesiastici
533 3435 745 3502 aedificatione
783 3443 884 3500 totam
924 3435 1153 3517 legislationem
1199 3435 1240 3502 de
1273 3437 1330 3501 im-
1432 3453 1462 3466 ·

170 3525 360 3605 pedimentis
394 3523 588 3588 Matrimonii
622 3523 662 3588 ad
696 3525 848 3589 trutinam
881 3541 1038 3600 revocare,
1073 3523 1135 3586 ita'
1154 3529 1191 3587 ut
1223 3542 1331 3589 eorum
1434 3525 1459 3569 1

169 3611 465 3693 impedimentorum
478 3613 637 3675 minuatur
652 3629 809 3690 numerus,
825 3610 875 3674 vel
891 3611 1003 3675 saltem
1018 3615 1174 3693 augeatur
1187 3616 1331 3693 potestas

165 3699 332 3764 ’ordinaria
354 3700 573 3781 episcoporum
596 3699 635 3763 ab
659 3699 892 3780 impedimentis
916 3698 1126 3780 dispensandi.

579 3889 733 3954 Rationes
752 3889 919 3968 postulati.

277 4037 307 4095 1.
341 4029 441 4094 Valde
475 4029 642 4093 intricatae
672 4035 746 4093 sunt
776 4029 862 4111 leges
894 4028 947 4093 dc¹
961 4027 1195 4108 impedimentis
1229 4034 1262 4093 et
1293 4028 1332 4093 de

171 4116 466 4197 dispensationibus,
503 4123 538 4181 ut
560 4122 684 4181 constat
711 4135 749 4183 er
775 4117 946 4181 innumeris
975 4113 1217 4180 difficultatibus
1251 4134 1332 4198 quae

168 4202 313 4284 quotidie
344 4203 512 4269 solvendae
542 4210 712 4269 accurrunt
741 4210 809 4269 tum
839 4200 1144 4284 Congregationibus
1172 4200 1331 4281 Romanis

165 4295 241 4355 tum
265 4287 442 4355 Ordinariis
464 4291 613 4356 locorum.
