2946 4942
153 320 215 382 236
655 331 811 380 sonantur

152 471 270 537 Christi
300 472 421 554 praelia
443 471 576 554 possint,
611 478 707 552 atque
729 470 890 535 Ecclesiae
918 470 1023 535 hostes
1046 469 1226 553 profligare,
1261 471 1317 553 qui

152 563 235 626 omni
259 567 374 625 conatu
396 559 482 623 illam
506 560 546 636 (si
568 556 639 622 fieri
663 557 784 641 posset)
809 558 972 622 destruere
995 558 1246 627 commoliuntur.

257 647 395 712 Tandem
417 646 601 728 Superiores
618 646 771 711 Ordinum
795 663 833 710 ac
848 645 1022 726 Regulares
1047 664 1156 712 omnes
1171 647 1314 727 graviter

152 755 322 815 monemus,
358 741 394 798 ut
417 736 523 802 debita
545 734 733 812 reverentia,
769 733 919 814 obsequio
943 732 1117 799 ethonore
1140 734 1314 815 Episcopos

151 831 391 906 prosequantur,
422 823 562 904 nihilque
586 840 694 887 eorum
714 820 838 901 jnribus
862 818 1041 901 detrahant,
1074 821 1235 902 quinimo
1258 821 1313 885 ad·

148 913 298 994 jutricem
326 913 371 976 eis
394 929 522 993 operam
554 911 585 974 in
609 908 690 974 sacri
713 907 882 971 Ministerii
912 904 1022 972 officiis
1046 909 1200 973 obeundis
1221 910 1313 990 juxta

152 1001 313 1080 proprium
328 1000 508 1063 institutum
524 997 670 1060 alacriter
685 1000 857 1076 praestent,
875 1000 956 1072 vota,
973 1012 1053 1076 quae
1069 996 1102 1059 in
1116 995 1312 1076 professione

152 1087 219 1151 Deo
243 1092 476 1167 nuncuparunt,
499 1083 634 1148 fideliter
656 1083 800 1161 reddant,
824 1082 1002 1163 regularem
1023 1082 1257 1147 observantiam
1281 1086 1312 1147 et

153 1174 347 1255 disciplinam
371 1172 480 1237 sedulo
503 1177 639 1249 servent,
665 1188 760 1251 seque
782 1168 944 1251 religiosos
968 1187 1031 1234 non
1052 1169 1164 1234 babitu
1187 1175 1311 1234 tantum

153 1261 210 1325 sed
233 1269 265 1326 et
288 1262 406 1324 virtute
430 1278 467 1323 ac
482 1259 604 1339 spiritu,
629 1275 689 1339 quo
713 1257 815 1322 sancti
838 1275 947 1320 eorum
962 1255 1160 1322 Fundatores
1184 1258 1312 1322 animati

153 1356 252 1427 erant,
276 1349 454 1424 ostendant,
486 1352 522 1410 ut
544 1346 704 1426 propriam
729 1341 1010 1408 sanctificationem
1034 1344 1170 1425 assequi,
1194 1352 1228 1409 et
1251 1342 1312 1410 Ee-

154 1436 268 1501 clesiae
291 1434 431 1513 utilitati,
457 1454 494 1499 ac
517 1432 643 1515 populis
666 1429 876 1496 aedificationi
900 1450 969 1496 esse
991 1432 1122 1512 possint.

602 1852 633 1932 2.
680 1849 865 1933 sonant

255 2006 596 2073 oonsrrronroms
621 2007 757 2074 sunna
780 2007 891 2074 voro
915 2006 1215 2073 oeannmnmn.

261 2146 311 2211 Ea
334 2148 530 2229 potissimum
564 2148 729 2229 religiosae
751 2149 950 2229 perfectionis
984 2153 1034 2214 est
1055 2149 1167 2228 virtus,
1205 2148 1314 2230 utqui

156 2240 276 2299 statum
298 2235 477 2315 regularem
501 2235 744 2315 amplectuntur,
768 2240 895 2316 praeter
916 2235 1138 2317 temporalium
1160 2237 1313 2300 bonorum

154 2322 424 2386 renunciationem
448 2327 480 2386 et
504 2322 659 2387 eastitatis
675 2321 910 2403 professionem,
934 2322 1101 2404 abnegare>
1117 2324 1312 2404 semetipsos,

156 2429 192 2473 ac
215 2414 403 2490 perpetuum
419 2409 564 2490 propriae
579 2408 751 2474 voluntatis
774 2409 991 2474 holocaustum
1007 2410 1074 2475 Deo
1097 2408 1213 2477 offerre
1228 2417 1314 2475 tene·

156 2501 260 2561 antur.
306 2494 359 2559 Nil
380 2496 477 2577 igitur
500 2498 601 2578 magis
625 2496 666 2560 ad
687 2497 925 2561 instaurandam
948 2497 1201 2579 servandamque
1224 2515 1314 2580 regu·

154 2585 254 2648 larem
276 2583 470 2664 disciplinam
494 2584 651 2663 conducit,
683 2602 777 2664 quarn
801 2590 950 2649 accurata
972 2591 1005 2649 et
1026 2584 1127 2650 fidelis
1150 2585 1314 2666 religiosae

155 2671 353 2736 obedientiae
387 2670 584 2753 observatio,
627 2671 880 2752 quandoquidem
915 2673 984 2753 ipsa
1022 2677 1146 2738 ceteras
1180 2673 1314 2737 virtutes

154 2758 253 2822 menti
274 2757 393 2836 inserit,
416 2758 812 2843 insertasqueoustodit.1)
850 2759 968 2841 Magna
990 2759 1116 2841 quidem
1132 2767 1321 2842 paupertas,

155 2845 211 2910 sed
234 2844 334 2923 major
363 2845 543 2924 integritus3
575 2844 687 2909 barum
710 2851 816 2911 autem
848 2854 897 2912 est
919 2847 1100 2912 obedientia
1128 2848 1267 2912 maxima
1287 2846 1312 2910 si

155 2932 351 2997 custodiatur
372 2930 494 2996 illaesa:
517 2950 590 2996 nam
613 2933 715 3013 prima
730 2935 834 3013 rebus,
854 2934 993 2999 secunda
1008 2935 1103 3016 carni,
1127 2936 1225 3000 tertia
1239 2951 1311 2998 vero

154 3019 254 3084 menti
277 3019 457 3084 dominatur
479 3025 512 3084 et
533 3020 679 3102 animal)
730 3021 812 3085 Hinc
835 3022 862 3086 si
885 3021 1083 3088 obedientiae
1105 3028 1216 3087 votum
1238 3039 1311 3103 neg·

153 3107 279 3187 ligatur,
315 3106 545 3186 Religiosorum
575 3107 670 3172 corda
696 3108 796 3172 veluti
827 3112 914 3172 terra
944 3110 1011 3173 sine
1041 3127 1138 3189 aqua,
1155 3112 1310 3184 arescunt,

153 3212 211 3259 nec
233 3195 295 3274 ipsi
318 3195 450 3275 amplius
474 3193 662 3271 humilitate,
693 3196 842 3276 oratione,
865 3196 1070 3270 meditatione
1093 3196 1309 3275 delectantur3

154 3282 228 3362 quin
251 3281 313 3346 imo
336 3281 502 3362 religiosae
523 3280 663 3346 familiae
685 3300 838 3364 compago
862 3283 1077 3365 disrumpitur.

259 3368 460 3449 Quapropter
490 3375 712 3434 sacrosanctae
735 3369 940 3435 Tridentinae
963 3369 1081 3452 Synodi
1104 3370 1241 3437 decretis
1264 3373 1308 3436 in-

153 3455 331 3532 haerentes,
371 3472 432 3535 quo
466 3456 588 3521 facilins
623 3462 655 3520 et
688 3458 831 3522 securius
865 3457 1021 3540 regularis
1056 3458 1226 3540 disciplina
1259 3458 1310 3524 ubl

154 3541 291 3623 collapsa
314 3544 356 3607 sit
376 3543 579 3624 instauretur,
612 3548 644 3608 et
666 3546 861 3609 constantius
884 3545 938 3611 ubi
961 3550 1148 3611 conservata
1171 3553 1222 3611 est
1243 3563 1312 3628 per·

154 3635 284 3709 sereret,
309 3629 453 3694 omnibus
475 3629 672 3712 regularibus
695 3637 763 3696 tam
777 3632 863 3712 viris,
887 3651 982 3714 quam
997 3632 1184 3698 mulieribus
1207 3636 1311 3717 cujus-

153 3726 287 3797 cumque
309 3716 492 3800 Religionis,
515 3717 694 3798 Societatis,
716 3717 988 3801 congregationis,
1019 3723 1051 3787 et
1072 3719 1215 3785 Instituti
1238 3722 1311 3799 sint,

153 3821 245 3869 sacro
275 3804 473 3886 approbante
496 3801 646 3884 Concilio,
679 3807 897 3888 praecipimus,
932 3812 968 3872 ut
994 3807 1036 3871 ad
1057 3807 1188 3888 regulae
1218 3825 1311 3890 quam

153 3889 288 3973 professi
327 3896 402 3956 sunt
443 3892 671 3973 praescriptum
710 3893 807 3957 vitam
841 3894 1009 3959 instituant
1047 3900 1080 3960 et
1112 3901 1309 3977 componant,

28 4020 30 4024 ν
152 3982 324 4060 praecepta
351 3997 389 4044 ac
411 3984 485 4044 vota
514 3981 690 4058 observent,
725 3979 884 4062 perlectae
906 3983 1094 4062 praesertim
1116 3983 1311 4049 obedientiae

154 4065 258 4130 animo
281 4065 400 4132 volenti
422 4067 649 4148 mancipentur,
682 4066 862 4132 crucifixum
885 4065 1045 4133 Christum
1071 4068 1242 4135 Dominum
1264 4073 1310 4135 in·

153 4190 362 4197 ῃ*

163 4265 185 4324 J
224 4333 225 4338 ἵ
262 4259 283 4326 ¹)
302 4255 327 4310 S.
349 4256 497 4325 Gregorius
517 4257 562 4311 lib.
581 4259 621 4311 35.
642 4257 741 4315 Moral.
759 4275 819 4328 cap.
839 4261 880 4312 10.

264 4325 288 4392 ⁹)
306 4325 388 4380 Joan.
407 4326 494 4380 XXII.
512 4325 662 4395 Extravag.
682 4326 903 4397 ,Quorumdam“
922 4329 944 4384 1.
964 4330 998 4385 de
1016 4330 1089 4388 verb.
1109 4330 1200 4398 signif.
