2946 4942
632 286 808 337 marculo.
999 306 1004 315 ·
1277 275 1296 333 5

138 427 361 511 serviliumque
382 428 583 495 adulatorum
605 433 732 509 turpem
754 428 800 493 eis
822 432 929 493 notam
944 428 1071 493 inurere
1093 426 1231 505 audebit,
1255 444 1297 493 an

136 533 243 614 potius
267 538 416 615 agnoscet
439 552 547 599 eorum
563 533 751 601 modestiam
773 531 910 613 quidem,
933 517 989 599 sed
1011 537 1045 599 et
1059 531 1296 611 mgenuiatem

136 636 344 719 probitatem,
380 638 577 716 libertatem,
612 637 714 703 zelum
737 638 885 718 denique,
920 656 982 718 quo
1010 636 1121 701 honori
1144 636 1296 703 ecclesiae

137 742 375 825 animarumque
405 744 502 809 saluti
529 743 694 809 consulere
725 747 877 825 satagant
906 748 1061 823 etaeque
1085 743 1295 823 suiipsorum

136 848 275 913 muneris
298 849 486 930 episcopalis
509 849 705 930 dignitatem,
730 866 824 929 quam
847 847 878 915 S.
894 847 985 913 Sedis
1001 848 1202 931 Apostolicae
1222 847 1296 929 jura

136 958 264 1018 strenue
287 952 475 1019 defendant?

242 1075 331 1154 Quae
360 1095 457 1157 quum
479 1076 526 1141 ita
547 1094 582 1142 se
604 1076 760 1155 habeant,
794 1094 828 1141 re
851 1077 966 1141 iterum
988 1076 1165 1158 iterumque
1188 1094 1295 1141 eoram

136 1180 204 1247 Deo
226 1182 403 1262 pensitato,
433 1200 498 1247 non
520 1181 678 1263 potuimus
702 1181 864 1260 dubitare,
902 1181 976 1262 quin
1000 1200 1038 1245 ex
1059 1180 1295 1247 Postulatorum

135 1278 347 1366 publicatione
362 1306 426 1352 non
441 1306 553 1368 parum
565 1287 712 1351 utilitatis
728 1288 759 1351 iu
775 1287 939 1352 ecclesiam
954 1286 1157 1353 redundaret.
1191 1286 1294 1364 Quum

135 1408 211 1455 vero
241 1391 462 1457 hodiernorum
493 1399 671 1474 temporum
694 1393 833 1458 rationes
862 1410 919 1457 nos
941 1411 1005 1457 non
1028 1409 1156 1474 sperare
1179 1392 1295 1469 sinant,

137 1492 308 1560 concilium
330 1498 520 1563 Vaticanum
552 1502 618 1563 tam
644 1497 779 1564 feliciter
808 1503 954 1580 coeptum
986 1502 1106 1563 ettam
1129 1495 1295 1563 inleliciter

136 1601 345 1682 interruptum
373 1604 438 1685 jam
467 1604 608 1685 proximo
639 1609 781 1685 tempore
802 1604 926 1670 labores
949 1622 1023 1669 suos
1047 1607 1294 1669 retractatorum

134 1722 212 1783 esse,
236 1705 471 1774 Postulatorum
487 1709 732 1792 publicationem
755 1711 999 1774 existimavimus
1015 1728 1078 1774 nou
1102 1709 1221 1774 diutius
1235 1704 1294 1771 dif-

133 1808 311 1891 ferendam,
334 1812 407 1893 sed,
432 1815 563 1879 obtenta
585 1834 605 1880 a
628 1814 831 1880 Sanctissimo
856 1814 951 1879 Patre
972 1816 1078 1894 venia,
1111 1813 1184 1877 huic
1206 1811 1295 1893 operi

133 1912 216 1980 illico
239 1934 366 1981 manum
389 1920 616 1984 admovendam
639 1938 718 1986 esse.
755 1920 817 1985 Sed
840 1919 954 1986 dehac
976 1938 1012 1985 re
1033 1918 1292 1984 haeehactenus.

240 2039 312 2104 Jam
342 2045 379 2104 ut
400 2042 509 2123 paucis
532 2060 740 2123 exponamus,
764 2061 901 2124 quonam
923 2042 1072 2107 modoet
1095 2040 1293 2106 ordinarem

133 2148 314 2223 susceptam
330 2148 580 2225 tractaverimus,
604 2154 706 2213 totum
722 2167 800 2231 opus
822 2149 855 2212 iu
871 2152 1006 2228 quatuor
1027 2153 1135 2228 partes
1151 2144 1292 2210 distinxi-

132 2263 212 2310 mus.
257 2247 383 2316 Primae
410 2254 493 2333 parti
525 2253 727 2318 attribuimus
759 2255 863 2318 omnia
897 2252 1102 2330 documenta,
1136 2269 1217 2331 qnae
1250 2248 1292 2316 ad

133 2371 184 2415 rea
208 2350 405 2435 dopmattcas
427 2362 586 2438 spectant,
610 2376 722 2440 nempe
745 2360 847 2440 primo
870 2358 942 2424 illas
965 2359 1061 2437 dune,
1094 2375 1173 2438 quas
1195 2373 1293 2437 supra

132 2455 282 2536 diximus,
314 2457 562 2528 constitutiones
585 2464 793 2545 dogmaticas,
824 2464 935 2529 deinde
965 2468 1156 2544 praeparata
1182 2460 1237 2526 illa
1259 2466 1293 2525 et

131 2559 282 2627 Patribus
299 2562 430 2630 Concilii
454 2567 623 2633 distributa
639 2567 905 2635 constitutionum
929 2568 1176 2647 dogmaticarum
1196 2565 1292 2631 Sche-

131 2669 231 2745 11111,
261 2685 354 2749 quae,
384 2671 410 2734 si
437 2672 468 2735 in
492 2669 797 2756 congregationibus
826 2674 1025 2754 generalibus
1050 2672 1116 2753 jam
1147 2671 1293 2736 discussa
1326 2666 1330 2674 '

130 2776 164 2833 et
187 2788 206 2834 a
230 2771 431 2854 deputatione
454 2794 511 2858 pro
533 2778 627 2843 rebus
649 2777 723 2843 fidei
738 2777 911 2844 reformata
933 2776 1059 2857 luerint,
1083 2777 1117 2841 in
1139 2776 1198 2841 hae
1219 2775 1292 2857 1111

130 2872 232 2939 somna
254 2875 424 2945 reformata
446 2881 690 2962 publicavimus;
716 2885 812 2949 tertio
836 2885 969 2964 denique
993 2881 1176 2959 Patalete,
1208 2897 1291 2962 quae

130 2978 247 3045 adres
271 2982 467 3064 dogmaticas
491 2993 644 3069 spectant,
668 2989 848 3069 etquidem
871 3008 908 3054 eo
932 2988 1056 3071 digesta
1070 2987 1202 3065 ordine,
1237 2985 1291 3067 qui

130 3083 243 3165 ordini,
267 3105 329 3168 quo
352 3088 426 3154 illae
446 3089 695 3159 Constitutiones
718 3100 750 3159 et
772 3093 827 3158 illa
842 3092 1110 3160 Constitutionum
1127 3092 1292 3158 Schemate

131 3188 192 3252 sibi
216 3193 398 3274 succedunt,
420 3196 602 3278 respondet.

236 3310 274 3376 In
296 3316 464 3381 secundam
490 3326 615 3401 partem
637 3322 815 3387 remisimus
838 3323 939 3404 primo
963 3319 1228 3388 constitutionum
1251 3317 1290 3383 dc

129 3413 224 3479 redas
246 3416 437 3501 discipliuae
460 3422 644 3503 Schemate,
679 3445 759 3508 quae
783 3425 915 3493 concilii
937 3427 1086 3494 Patribus
1110 3425 1289 3503 distributa,

128 3519 245 3599 partim
259 3583 261 3587 ,
275 3525 370 3589 etiam
400 3527 431 3591 11
460 3525 763 3612 congregationibus
801 3534 1000 3614 generalibus
1034 3534 1176 3598 discussa
1206 3535 1240 3595 et
1270 3548 1291 3593 a

130 3622 332 3704 deputatione
347 3648 405 3710 pro
429 3632 523 3699 rebus
547 3634 731 3718 disciplinae
747 3636 918 3703 reformata
934 3642 1032 3719 eraut,
1056 3637 1168 3704 deinde
1184 3635 1290 3702 omnia

129 3744 209 3806 quae
232 3729 274 3795 ad
297 3732 494 3816 disciplinam
516 3740 676 3821 pertinent
691 3742 868 3823 Patalete,
894 3744 1075 3826 etquidem
1098 3743 1157 3809 hoc
1180 3741 1289 3807 ordine

129 3830 290 3915 disposita,
314 3844 351 3902 ut
373 3839 435 3921 illa,
459 3861 540 3923 quae
563 3863 583 3909 a
604 3865 719 3929 magno
735 3848 951 3930 episcoporum
973 3850 1172 3932 integrarum
1187 3849 1289 3918 natio·

128 3953 203 4000 num
226 3939 278 4004 vel
300 3945 534 4023 provinciarum
558 3969 688 4017 numero
711 3958 803 4018 erant
824 3956 996 4037 proposita,
1026 3957 1202 4038 praemissa
1224 3957 1289 4022 1111

128 4048 161 4103 11
184 4050 359 4123 sequantur
381 4049 512 4133 reliqua,
544 4057 610 4118 tam
632 4075 652 4121 a
674 4058 806 4138 singulis
829 4078 923 4141 quam
946 4079 967 4124 a
988 4060 1132 4143 pluribus
1154 4061 1287 4131 concilii

127 4142 275 4212 Patribus
290 4154 462 4233 proposita,
487 4176 545 4224 suo
568 4161 713 4245 quodque
728 4163 808 4245 loco,
831 4165 968 4231 maxime
983 4167 1155 4233 secuudum
1170 4188 1287 4251 rerum,

127 4265 207 4327 quas
230 4255 382 4338 tractant,
407 4258 622 4331 diversitatem
646 4266 778 4349 digesta.
