2954 4936
530 1321 694 1396 SEOTIO
722 1322 951 1397 SECUNDA.

160 1521 561 1644 eosdemse,
604 1522 775 1657 pum
815 1523 1192 1624 erasmum
1232 1528 1323 1627 m)

513 1697 965 1799 ursomtmru.

572 2150 602 2232 1.
641 2147 910 2232 pestutum

329 2339 613 2408 domuumum
635 2340 819 2406 eamme
840 2339 1150 2410 EPISGOPORUM

529 2602 787 2667 Eminentissime
809 2601 960 2667 Praeses!

261 2758 414 2842 Episcopi
435 2760 490 2842 qui
505 2764 688 2842 praesentes
703 2759 827 2824 litteras
842 2759 1106 2840 subscripserunt,
1121 2761 1322 2827 Eminentiae

155 2845 302 2926 Vestrae,
326 2852 369 2927 et,
392 2866 450 2930 per
471 2847 566 2926 illam,
590 2847 740 2913 Patribus
755 2847 797 2912 ad
813 2848 1024 2913 examinanda
1039 2848 1202 2929 postulata
1222 2849 1323 2930 depu-

153 2935 245 3014 atto,
269 2931 406 3000 offerunt
427 2939 460 3000 et
482 2935 736 3001 commendatum
758 2935 891 3016 eupiunt
912 2935 1075 3015 seriptum,
1099 2937 1320 3017 praesentibus

156 3019 276 3087 litteris
291 3039 455 3106 annexum,
478 3024 530 3088 oui
550 3022 677 3087 titulus:
705 3021 894 3100 ,Postulato
915 3043 936 3085 a
951 3022 1104 3101 pluribus
1130 3022 1320 3089 Galliarum

155 3105 331 3190 Episcopis
363 3108 420 3176 Sd.
449 3109 529 3175 DD.
559 3109 636 3176 NN.
665 3107 744 3174 Plo
773 3108 937 3173 PAPAE
955 3108 1022 3173 IX.
1045 3114 1075 3175 et
1106 3109 1321 3177 Seorosoaoto

156 3192 302 3263 &nertio
329 3196 483 3263 Vaticano
504 3200 685 3263 reverenter
703 3197 902 3276 proposita‘

262 3283 351 3349 Haeo
365 3284 537 3365 postulata,
562 3303 620 3349 seu
634 3285 738 3364 potius
753 3288 836 3363 vota,
859 3301 897 3348 eo
920 3281 982 3349 tine
997 3285 1123 3350 anobis
1138 3284 1323 3366 simpliciter

156 3366 342 3450 offeruntur,
371 3377 408 3437 ut
429 3372 577 3453 prudenti
599 3373 714 3437 Vestro
742 3370 934 3451 Patremque
957 3372 1179 3453 deputatorum
1199 3372 1322 3455 judicio

154 3458 407 3541 perpendantur,
439 3463 472 3524 et
498 3477 538 3524 ex
560 3459 621 3523 illis
643 3459 788 3540 depromi
810 3460 918 3539 possit,
950 3463 984 3524 et
1006 3461 1214 3526 sacrosancto
1238 3457 1320 3524 Con·

157 3543 230 3613 tilio
260 3545 420 3628 submitti,
452 3547 605 3626 quidquid
628 3547 757 3625 melius,
789 3547 1004 3627 opportunius
1032 3553 1065 3612 et
1086 3547 1194 3612 utilius
1217 3548 1321 3613 visum

156 3627 261 3710 merit
290 3633 332 3697 ad
354 3632 413 3697 Dei
435 3633 579 3713 gloriam,
610 3633 695 3699 Cleri
717 3634 1009 3714 sanctificationem,
1037 3637 1212 3701 animarum
1234 3635 1343 3700 salu·-

157 3722 231 3800 tem,
255 3720 482 3800 Ecclesiaeque
505 3721 677 3785 utilitatem
698 3721 939 3801 procurandam.

262 3806 472 3888 Quapropter,
495 3807 570 3874 lieet
592 3826 631 3872 ea
645 3808 754 3873 multis
770 3812 855 3872 certe
870 3809 1033 3890 Episcopis
1048 3810 1173 3890 plaeere
1195 3807 1321 3872 noveri-

158 3908 236 3974 mtm,
258 3913 279 3960 a
301 3894 409 3975 paucis
431 3899 555 3959 tantum
587 3895 790 3960 nihilominus
812 3895 957 3961 duximus
979 3895 1219 3973 subscribenda3
1250 3901 1318 3959 tum

159 3997 197 4044 ne
222 3981 433 4062 importunius
463 4001 558 4064 agere
591 3983 778 4058 videremur,
813 3988 881 4045 tum
915 3989 952 4047 ut
982 3984 1112 4047 liberius
1144 3983 1319 4051 examinari

159 4074 297 4149 possent,
325 4086 407 4150 quae
430 4086 494 4134 non
517 4071 692 4150 petentium
714 4069 919 4134 multitudine
940 4079 1140 4151 urgerentur,
1169 4071 1226 4135 sed
1249 4069 1320 4135 sola
1371 4140 1376 4147 ,

157 4171 262 4307 {irum
294 4158 466 4238 petitarum
500 4158 677 4240 gravitate,
716 4157 879 4237 aequitate
917 4162 950 4223 et
985 4159 1125 4224 utilitate
1163 4176 1320 4224 commen-

198 4250 318 4311 rentur.

209 4361 330 4416 nertin,
344 4363 501 4408 Dooumenta,
528 4364 590 4407 uuir.
605 4365 636 4407 11.
1177 4353 1211 4403 10
