2946 4942
200 334 261 394 130
559 348 718 397 scururrr
741 349 996 398 corsrrrurrovuu

197 488 236 552 de
259 486 480 556 Praelatorum
509 488 680 552 residentia
704 490 828 553 sancita
851 487 994 568 fuerunt,
1025 494 1097 554 rata
1117 489 1269 572 firmaque
1291 507 1361 554 esse

198 575 394 639 decernimus
418 581 512 655 atque
536 575 744 640 declaramus

674 817 809 884 CAPUT
832 819 887 883 III.

552 957 603 1022 Dc
626 959 808 1022 adulatione
830 958 1003 1023 Dt'oacesm.

302 1096 369 1163 Nec
398 1099 439 1162 ad
472 1101 592 1162 rectum
615 1097 775 1162 Dioecesis
807 1099 946 1180 regimen
978 1099 1080 1163 minus
1103 1099 1283 1164 necessaria
1315 1104 1367 1164 est

197 1184 282 1249 illius
305 1185 457 1263 visitatio,
490 1202 553 1265 qua
574 1186 657 1248 sacri
679 1183 829 1250 Pastores
859 1204 970 1250 sanam
1000 1192 1033 1250 et
1057 1184 1264 1250 orthodoxam
1290 1188 1366 1252 doc-

197 1273 315 1337 trinam
337 1274 501 1350 inducere,
529 1272 627 1336 bonos
650 1290 755 1337 mores
777 1275 872 1353 tueri,
902 1291 1017 1353 pravos
1040 1274 1212 1354 corrigere,
1244 1292 1282 1338 ac
1306 1293 1366 1356 po-

197 1360 307 1441 pulum
340 1360 382 1423 ad
414 1358 615 1439 religionem,
649 1364 774 1440 pacem,
808 1368 840 1424 et
869 1361 1081 1426 innocentiam
1115 1361 1289 1426 accendere
1324 1381 1367 1426 ex

198 1445 300 1511 officio
323 1451 481 1511 tenentur.
493 1449 517 1528 1)
563 1445 645 1510 Nam
667 1447 728 1511 nisi
758 1447 883 1528 singula
906 1448 1065 1513 Dioecesis
1088 1447 1157 1513 loca
1180 1446 1366 1529 frequenter

197 1534 344 1606 invisent,
370 1539 402 1598 et
425 1551 483 1598 sua
497 1533 664 1615 vigilantia
679 1551 790 1598 eorum
812 1536 866 1615 qui
882 1552 988 1600 secum
1003 1535 1150 1601 laborant
1172 1535 1367 1613 industriam

198 1621 295 1701 alant,
320 1622 486 1702 omniaque
507 1639 566 1701 per
588 1639 622 1685 se
645 1621 783 1700 videant,
807 1622 922 1703 ubique
945 1623 1084 1701 audiant,
1112 1623 1229 1704 ubique
1253 1623 1366 1706 explo-

198 1717 285 1782 rent,
316 1709 419 1773 multa
446 1707 585 1790 profecto
611 1709 815 1789 ignorabunt,
847 1711 896 1774 vel
925 1711 1041 1790 senua,
1077 1729 1171 1791 quam
1205 1716 1364 1794 oporteat,

196 1796 385 1878 intelligent,
410 1813 469 1860 nec
490 1795 582 1860 malis
605 1797 843 1862 innascentibus
865 1804 1044 1878 promptam
1067 1806 1101 1862 et
1123 1795 1282 1863 efficacem
1306 1817 1366 1880 po-

198 1890 307 1948 terunt
335 1884 521 1948 medicinam
553 1883 751 1964 adhibere.²)
803 1885 1013 1966 Quapropter,
1044 1903 1134 1950 sacro
1163 1886 1367 1967 approbante

198 1969 346 2050 Concilio,
377 1972 517 2036 districte
539 1989 702 2036 monemus
724 1971 941 2053 Patriarchas,
973 1972 1142 2052 Primates,
1175 1971 1366 2054 Metropoli·

197 2067 303 2138 canoa,
334 2064 367 2122 et
398 2058 585 2141 Episcopos,
616 2071 653 2123 ut
680 2077 737 2139 per
759 2077 793 2124 se
822 2061 921 2140 ipsos,
955 2059 1006 2124 vel
1028 2062 1055 2123 si
1087 2060 1220 2124 forsitan
1243 2058 1366 2126 fuerint

196 2147 348 2227 impediti,
372 2164 429 2227 per
444 2147 606 2211 Vicarium
621 2146 817 2224 Generalem,
842 2153 899 2211 aut
921 2146 998 2211 alios
1022 2147 1253 2212 ecclesiasticos
1276 2149 1364 2224 viros

196 2253 217 2296 a
248 2252 282 2298 se
313 2235 520 2314 approbatos
555 2232 696 2313 quolibet
729 2234 861 2298 triennio
884 2234 1058 2299 Dioecesim
1090 2252 1180 2298 suam
1207 2235 1365 2315 pastorali

197 2320 379 2385 visitatione
402 2321 605 2402 perlustrent.
650 2320 758 2384 Sicubi
780 2339 854 2385 vero
877 2323 1024 2385 universa
1048 2322 1207 2386 Dioecesis
1230 2329 1365 2403 propter

196 2410 266 2491 ejus
289 2408 491 2473 latitudinem
520 2408 648 2473 triennii
670 2409 774 2489 spatio
804 2410 927 2472 visitari
948 2427 1011 2472 non
1033 2409 1148 2490 possit,
1180 2410 1363 2489 statmmus,

197 2503 233 2560 ut
256 2497 358 2578 major
387 2498 456 2578 ejus
478 2514 554 2578 pars
584 2494 665 2559 infra
688 2495 747 2560 hoc
770 2498 907 2576 spatium
929 2495 1150 2577 perlustratur,
1183 2497 1228 2560 ita
1251 2503 1364 2562 tamen
1413 2534 1418 2543 ·

196 2592 232 2648 ut
254 2585 352 2648 totius
375 2584 536 2648 Dioecesis
568 2583 707 2647 visitatio
742 2583 883 2663 quolibet
912 2583 1027 2653 saltem
1050 2584 1262 2664 quinquennio
1297 2601 1365 2649 om·

196 2671 270 2735 nino
293 2670 498 2751 compleatur.

301 2757 434 2838 Insuper
464 2759 506 2822 ad
528 2756 609 2821 hane
639 2757 742 2839 legem
764 2759 867 2822 teneri
898 2765 930 2822 et
962 2757 1116 2839 obstringi
1143 2750 1298 2824 'edicimus
1321 2778 1363 2825 ac

194 2844 396 2910 declaramus
420 2845 513 2908 etiarn
530 2843 695 2909 Praelatos
717 2843 880 2909 inferiores
892 2846 1144 2927 jurisdictionem
1160 2846 1250 2926 quasi
1265 2844 1365 2927 Epis-

194 2932 338 3013 copalem
362 2949 434 2997 curn
463 2938 610 3011 separato
642 2932 803 2996 territorio
826 2933 1017 3010 obtinentes;
1049 2937 1082 2996 et
1103 2931 1261 3014 Episcopo
1285 2933 1365 2999 vici-

194 3020 277 3085 niori
304 3020 426 3083 nullum
459 3019 635 3084 visitandae
667 3020 837 3083 eorundem
865 3018 1086 3085 Praelatorum
1115 3019 1277 3086 Dioecesis
1306 3020 1362 3102 J'us

194 3107 329 3188 relinqui
352 3107 563 3185 decernimus
595 3106 669 3187 quin
693 3105 758 3170 nlla
780 3113 876 3188 queat
908 3109 936 3171 ei
964 3107 1157 3172 consuetudo
1180 3104 1364 3188 suffragari.

195 3194 287 3272 Quod
318 3195 345 3259 si
376 3193 505 3258 inferior
537 3193 704 3258 Praelatus
735 3194 948 3258 visitationem
975 3195 1063 3259 obire
1095 3193 1284 3275 neglexerit,
1318 3195 1366 3260 ad

194 3283 330 3346 eundem
352 3282 535 3346 viciniorem
557 3280 752 3362 Episcopum
782 3282 954 3362 pertinebit
976 3281 1010 3345 id
1032 3281 1073 3345 ad
1096 3281 1240 3345 notitiam
1264 3281 1364 3364 hujus

194 3369 226 3433 S.
250 3368 340 3434 Sedis
363 3367 513 3449 perferre,
537 3387 617 3448 quae
642 3368 717 3448 quid
741 3368 862 3433 consilii
886 3369 1074 3448 capiendum
1097 3369 1140 3432 sit
1163 3368 1196 3432 in
1220 3368 1363 3435 Domino

195 3458 373 3522 constituet.

299 3543 336 3607 In
358 3543 538 3608 visitatione
569 3543 715 3607 obeunda
737 3541 884 3624 Episcopi
916 3543 1020 3606 animo
1043 3541 1220 3607 recolentes
1244 3543 1360 3609 certis-

194 3631 305 3694 simam
334 3629 421 3694 illam
453 3631 647 3695 sententiam
677 3628 849 3694 formidinis
879 3648 917 3694 ac
946 3629 1078 3693 terroris
1101 3629 1241 3710 plenam,
1275 3631 1366 3710 quod

194 3734 360 3798 supremus
378 3716 492 3782 Pastor
514 3718 707 3782 creditarum
724 3720 826 3781 ovium
850 3718 1034 3798 sanguinem
1050 3716 1090 3779 ab
1114 3717 1190 3796 ipsis
1206 3717 1364 3800 requiret,

195 3810 228 3869 et
249 3805 483 3869 excusationem
507 3822 572 3869 non
596 3804 739 3885 accipiet,
764 3804 790 3867 si
813 3804 906 3884 lupus
930 3803 1065 3869 comedit
1080 3821 1165 3881 oves,
1190 3809 1223 3868 et
1245 3813 1365 3886 pastor

193 3894 304 3972 nescit,
328 3892 425 3972 operi,
461 3893 544 3971 quod
567 3893 679 3970 instat,
709 3892 832 3972 agendo
855 3892 946 3955 unice
968 3891 1083 3955 intenti
1105 3891 1182 3968 sint,
1214 3891 1363 3972 adeoque

192 3980 337 4045 omnibus
360 3979 431 4043 aliis
454 3979 548 4043 rebus
572 3979 732 4060 sepositis,
765 3978 888 4058 singula
909 3978 979 4042 loca
1009 3996 1048 4042 ae
1070 3995 1224 4058 personas
1247 3978 1364 4043 visita-

193 4066 274 4129 tioni
296 4067 447 4131 obnoxias
469 4084 532 4130 non
554 4065 744 4131 festinanter
767 4071 798 4130 et
822 4067 952 4145 cursim,
982 4066 1038 4129 sed
1062 4064 1170 4129 debita
1193 4063 1364 4146 diligentia

201 4207 332 4215 ---..--·..—-
339 4209 354 4213 -
361 4208 379 4213 ...
391 4209 405 4213 -

306 4272 328 4342 ¹)
348 4274 429 4330 Conc.
447 4274 524 4328 Trid.
542 4275 616 4329 Saea.
635 4277 678 4328 24.
697 4278 801 4344 oapb.
820 4274 852 4327 de
872 4274 933 4328 Res.

302 4343 327 4408 ¹)
345 4340 411 4397 Ben.
429 4342 503 4400 XIV.
523 4343 617 4400 const,
638 4343 830 4410 drepanam
848 4348 873 4399 3.
892 4344 1000 4398 Decem.
1024 4344 1099 4396 1740.
