2946 4942
639 337 807 385 Posrssara

579 510 678 576 Ratio
695 511 865 592 postulati.

247 653 316 720 Hae
339 653 606 733 impedimentum,
638 651 764 732 quando
789 653 936 732 provenit
959 669 996 716 ex
1020 649 1219 732 sponsalibus
1243 668 1305 713 non

144 742 345 818 solemnibus
368 740 585 821 probationem
609 756 703 820 saepe
726 757 789 804 non
805 740 955 816 admittit,
980 738 1064 803 unde
1082 737 1199 819 jurgia,
1223 735 1305 815 lites,

143 829 305 894 nuditates
328 827 520 892 matrimonii
544 833 576 891 et
599 825 758 893 seandala.
1135 878 1137 883 .

235 967 322 1033 Huic
338 966 551 1047 postulationi
574 965 831 1044 subscripserunt
853 968 896 1028 12
921 962 1056 1030 Consilii
1078 961 1210 1028 Patres.

621 1331 822 1396 Postulatum

27 1482 30 1487 '
141 1480 178 1538 ut
212 1474 344 1539 tollatur
385 1473 643 1554 impedimentum
683 1473 966 1556 consanguinitatis
999 1479 1032 1538 et
1071 1471 1238 1538 affinitatis
1271 1472 1303 1536 in

141 1568 254 1642 quarto
278 1562 389 1643 gradu.

555 1715 710 1781 Rationes
726 1717 893 1797 postulati.
986 1722 991 1735 ‘

248 1866 276 1922 1.
300 1856 370 1922 Non
393 1864 468 1922 sunt
483 1856 639 1920 servanda
661 1857 886 1937 impedimenta
901 1876 920 1922 a
936 1857 1049 1938 quibus
1071 1874 1156 1921 nune
1178 1872 1305 1937 semper

143 1946 343 2026 dispensatur
366 1946 620 2024 quotiescumque
643 1948 820 2009 occurrunt.

248 2037 283 2095 2:
300 2032 347 2095 Ex
361 2031 424 2095 illis
440 2031 634 2112 frequentius
657 2032 801 2111 provenit
816 2031 945 2096 nullitas
967 2031 1158 2097 matrimonii
1172 2030 1305 2113 propter

142 2120 293 2200 majorem
317 2117 536 2183 difficultatem
559 2118 614 2181 illa
636 2119 824 2183 inveniendi.

234 2257 320 2321 Huic
339 2257 556 2336 postulationi
578 2258 835 2338 subscripserunt
857 2263 899 2322 13
924 2257 1062 2325 Consilii
1091 2256 1216 2322 Patres.

628 2586 824 2689 Postulatum

142 2761 322 2826 attollatur
338 2762 597 2843 impedimentum
614 2761 778 2829 affinitatis
795 2785 833 2848 ea
849 2764 967 2830 illicita
981 2766 1013 2829 in
1036 2764 1174 2830 seeundo
1191 2764 1305 2845 gradu.

549 2952 704 3018 Rationes
720 2954 888 3035 postulati.

246 3100 274 3158 1.
306 3091 355 3156 Ab
378 3092 433 3157 illo
457 3092 690 3175 impedimento,
724 3095 982 3177 quotiescumque
1006 3095 1153 3172 occurrit,
1177 3112 1305 3177 semper
1426 3103 1433 3111 ·

141 3179 350 3260 dispensatur,
386 3188 419 3245 et
441 3198 503 3246 non
533 3180 659 3246 videtur
687 3182 875 3247 conveniens
904 3189 940 3247 nt
963 3188 1124 3248 statuatur
1145 3181 1202 3273 ¹⁰¹.
1220 3200 1302 3265 quae

141 3285 203 3329 non
227 3273 380 3332 servetur.

245 3357 273 3419 2.
309 3352 441 3417 Praeter
470 3353 643 3435 periculum
676 3354 832 3420 nullitatis
863 3355 1065 3435 Matrimonii,
1098 3357 1193 3422 adast
1221 3356 1305 3438 peri·
1428 3379 1431 3383 ·

143 3439 247 3505 sulum
269 3439 416 3505 infamiae
439 3447 472 3506 et
494 3442 591 3505 etiam
613 3442 816 3507 revelationis
839 3443 933 3524 sigilli
956 3443 1206 3512 sacramentalis.

230 3556 316 3645 Huia
332 3580 551 3660 postulationi
575 3581 834 3662 subscripserunt
856 3587 900 3648 12
927 3581 1063 3650 Consilii
1084 3582 1215 3650 Patras.

612 3811 822 3821 u—--——-

619 4001 816 4066 Postulatum

137 4141 173 4200 ut
194 4136 347 4203 Breviarii
369 4139 502 4203 Romani
533 4138 590 4204 fiat
613 4159 695 4206 nova
725 4141 889 4222 dispositio
920 4143 1050 4224 inqua:
1087 4150 1116 4208 1.
1146 4150 1301 4224 quantum

137 4220 206 4289 fieri
220 4227 333 4305 petest,
357 4226 515 4292 ordinarie
530 4229 682 4292 recitetur
704 4233 805 4293 totum
828 4228 1013 4310 psalterium
1035 4230 1069 4293 in
1085 4228 1302 4296 hebdomada:

138 4316 166 4375 2.
190 4312 316 4377 brevius
339 4313 380 4375 sit
411 4311 544 4378 officium
567 4315 606 4378 iis
630 4315 740 4380 diebus
770 4317 883 4396 quibus
905 4316 1036 4398 parochi
1059 4323 1092 4383 et
1114 4316 1304 4385 confundi
