2946 4942
618 334 657 380 nn
679 333 859 384 nrserrnnvn.
1256 319 1320 382 229

152 480 188 540 et
209 473 378 539 ministerii
400 473 502 541 nostri
519 471 737 556 Ooadjutores,
762 473 813 555 qui
838 474 943 563 pueris
964 472 1084 538 alendis
1100 477 1132 537 et
1153 473 1320 555 juvenibus

152 562 326 626 educandis
349 578 420 626 sese
440 559 628 642 impendunt
651 578 689 627 ae
712 560 878 625 devovent.

261 649 339 714 Inde
359 646 397 712 fit
429 652 478 728 ut,
512 667 533 712 a
555 645 670 712 finibus
692 648 853 713 Austriaei
874 648 1003 730 Imperii
1031 665 1130 728 usqne
1152 648 1194 713 ad
1217 648 1320 725 Indos,

152 736 196 802 ab
219 734 455 816 Algeriensibus
478 736 543 800 oris
570 752 670 816 usque
696 735 737 800 ed
759 733 945 817 Abyssiniae
968 752 1126 815 recessus,
1160 736 1318 800 innumeri

147 825 285 906 Juvenes
310 830 342 888 et
356 823 528 904 perplures
552 821 686 904 puellae,
711 823 778 887 sive
800 821 993 887 monialium>
1008 840 1098 901 cura,
1124 824 1189 887 sive
1212 841 1320 888 sacer-

153 911 267 976 dotum
283 916 315 974 et
329 909 464 974 fratrum
480 915 659 975 nostrorum
678 910 873 988 magisterio,
896 929 954 991 per
977 912 1120 975 saniores
1136 908 1321 991 disciplinas

153 997 328 1076 informati,
353 997 394 1062 ad
416 1014 527 1062 sensus
542 999 708 1080 erigantur
721 997 792 1062 illos
808 996 922 1076 quibus
938 996 1116 1063 Ecclesiam
1133 998 1321 1061 catholicam

154 1088 357 1151 ert-sanctem
375 1083 549 1150 Romanam
578 1083 691 1150 Sedem
714 1084 815 1164 magis
839 1101 877 1149 ae
899 1085 1000 1165 magis
1021 1085 1054 1149 in
1086 1084 1152 1150 dies
1176 1083 1320 1167 diligant,

154 1176 189 1239 et
219 1173 387 1237 maximam
419 1169 628 1254 profiteantur
654 1172 888 1237 venerationem
917 1190 994 1253 erga
1022 1170 1207 1237 Pontificem
1229 1170 1321 1236 Sum·

154 1278 252 1339 mum,
276 1261 367 1342 cujus
389 1258 585 1341 benignitate
608 1277 645 1324 ac
667 1260 866 1341 providentia
893 1260 1065 1325 orientales
1088 1259 1195 1340 populi
1217 1265 1265 1324 tot
1289 1265 1321 1323 et

154 1352 248 1413 tanta
272 1344 422 1412 beneficia
444 1364 624 1429 suscepere.

171 1432 174 1439 '
262 1433 321 1499 His
351 1438 532 1499 nostrarum
567 1435 753 1500 dioeceseon
786 1439 819 1499 et
850 1435 1033 1500 missionum
1067 1434 1321 1527 benefactoribus

153 1540 214 1588 nos
230 1521 326 1587 animi
338 1538 450 1587 sensus
462 1522 635 1602 gratissimi
647 1520 810 1588 testificari
823 1523 995 1604 cupientes,
1011 1522 1096 1603 piam
1108 1521 1234 1587 illorum
1247 1541 1322 1604 ope·

155 1627 226 1674 ram
236 1609 348 1674 intimo
360 1608 462 1674 cordis
474 1609 614 1690 impulsu
626 1609 881 1674 commendamus
893 1616 960 1674 tum
973 1608 1121 1675 Patribus
1134 1609 1321 1674 venerandis
1429 1655 1434 1661 .

154 1695 212 1777 qui
233 1696 265 1760 in
288 1695 349 1762 bae
371 1702 574 1763 sacrosancta
597 1697 714 1779 synodo
742 1698 943 1763 oecumenica
966 1697 1092 1776 sedent,
1131 1702 1197 1760 tum
1227 1715 1347 1786 prae-0

155 1783 269 1849 sertim
291 1785 509 1866 episcoporum
532 1790 565 1848 et
587 1785 685 1849 totius
708 1783 871 1849 Ecclesiae
894 1783 1001 1867 Oapiti
1023 1783 1151 1849 Summo
1176 1781 1322 1850 Pontifici

154 1870 214 1937 Pio
229 1868 291 1935 ΡΡ.
307 1871 371 1951 IX,
396 1874 486 1953 cujus
509 1872 744 1952 pretiosissimis
765 1872 1038 1939 benedictionibus
1052 1871 1130 1937 baec
1145 1870 1322 1936 scholarum

156 1957 360 2024 orientalium
383 1977 482 2041 opera
504 1966 609 2023 ortum
632 1958 741 2024 debuit
764 1965 795 2023 et
817 1960 1056 2026 incrementum.

261 2045 352 2110 Nunc
385 2052 508 2123 autem,
545 2065 615 2111 cum
655 2047 850 2113 vastissimos
883 2048 967 2112 inter
1006 2053 1127 2112 tractus
1161 2046 1321 2111 siritueli

156 2139 269 2199 nostro
291 2133 435 2213 regimini
460 2152 479 2198 a
501 2133 647 2216 Principe
669 2139 832 2215 pastorum
855 2135 1065 2214 concreditos,
1089 2132 1165 2198 Mali
1190 2135 1319 2213 metani,

156 2220 384 2302 Protestantes,
417 2219 616 2287 Schismatici
652 2228 686 2286 et
717 2220 913 2288 Societatum
946 2228 1144 2288 secretarum
1178 2220 1321 2286 fautores

157 2307 235 2372 nibil
259 2325 323 2372 non
345 2307 525 2389 relinquant
546 2310 693 2374 inausum
708 2308 748 2373 ad
768 2309 966 2392 juventutem
987 2309 1187 2374 alliciendam
1202 2316 1235 2373 et
1249 2328 1321 2391 per-

156 2395 352 2473 vertendam,
375 2395 467 2460 valde
489 2397 662 2478 optandum
677 2401 727 2461 est
742 2400 779 2460 ut
794 2396 919 2463 scholas
935 2398 1139 2475 omnimodas,
1163 2396 1321 2478 orphano·

156 2481 300 2564 trouble,
329 2481 513 2563 Seminaria,
549 2483 674 2564 aliaque
705 2483 887 2567 hujusmodi
920 2485 1068 2550 instituta
1097 2486 1253 2566 majorem
1286 2485 1321 2548 in

156 2588 324 2635 numerum
348 2571 526 2636 instaurare
548 2590 587 2636 ac
610 2576 791 2637 sustentare
813 2574 979 2654 possimus.

262 2656 312 2722 Ad
333 2656 416 2724 hune
437 2664 505 2723 tam
527 2659 638 2723 utilem
660 2677 789 2740 scopum
813 2659 1027 2740 obtinendum,
1051 2663 1185 2740 patema
1199 2658 1322 2723 Summi

154 2742 321 2810 Pontifieis
356 2744 578 2811 benevolentia
608 2746 799 2828 vestraque,
835 2745 1038 2814 venerabiles
1072 2747 1199 2827 Patres,
1239 2746 1321 2811 banc

153 2838 299 2898 nostram
321 2851 386 2896 non
402 2832 592 2916 dedignetur
610 2834 757 2898 exaudire
776 2834 1031 2916 postulationem,
1056 2851 1118 2914 qua
1139 2833 1323 2915 suppliciter

152 2920 303 3000 petimus,
327 2926 364 2983 ut

267 3006 373 3084 „Inter
393 3006 521 3071 decreta
536 3024 617 3088 quae
640 3009 680 3073 de
694 3009 897 3074 missionibus
914 3007 1074 3074 catholicis
1089 3008 1321 3074 Sacrosanctae

152 3091 386 3159 Oecumenicae
408 3093 534 3176 Synodo
557 3094 730 3160 Vaticanee
759 3102 990 3178 proponentur,
1023 3114 1120 3160 unum
1143 3095 1320 3176 adjiciatur,

149 3198 218 3262 quo
242 3182 313 3263 piae
331 3180 455 3263 Operae
469 3180 655 3247 Scholarum
671 3182 880 3248 Orientalium
901 3188 1101 3265 nuncupatae
1124 3189 1157 3248 et
1172 3183 1322 3248 solemnis

152 3269 197 3334 ab
221 3267 371 3334 Ecclesia
393 3269 588 3334 consecratio
611 3275 645 3335 et
667 3288 749 3335 nova
771 3270 1002 3336 commendatio
1025 3270 1214 3336 tribuatur.“

263 3354 457 3421 Oonfidimus
480 3358 562 3421 enim
585 3355 652 3422 fore
675 3365 711 3423 ut
727 3359 840 3425 exinde
855 3357 995 3424 fidelium
1011 3359 1210 3439 adaugeatur
1224 3357 1320 3438 zelus,

150 3447 186 3508 et
211 3441 367 3524 ampliora
389 3444 461 3526 piae
477 3443 601 3525 Operae
623 3445 866 3526 suppeditentur
888 3446 1030 3511 subsidia
1061 3447 1102 3511 ad
1126 3444 1320 3528 colligendos

148 3529 320 3612 parvulos,
345 3531 399 3612 qui
421 3549 536 3612 panem
558 3533 643 3597 vitae
666 3539 699 3597 et
721 3532 901 3599 intellectus
932 3533 1143 3615 undequaque
1165 3537 1320 3615 petentes,

150 3637 195 3684 ne
229 3618 331 3683 ullum
363 3617 489 3700 quidem
522 3618 585 3683 hnc
617 3637 715 3701 usque
749 3621 899 3686 invenere
930 3622 1118 3703 magistrum
1151 3620 1206 3702 qui
1235 3617 1322 3685 fran-

150 3710 245 3786 geret
267 3707 324 3770 eis.

272 3794 472 3879 Quapropter
491 3795 573 3862 hanc
588 3797 854 3878 spectatissimum
869 3797 1004 3879 gratiam
1024 3815 1044 3861 a
1059 3794 1165 3875 Vobis,
1182 3795 1323 3860 Venera-

154 3881 237 3948 biles
260 3882 390 3965 Patres,
424 3889 457 3951 et
490 3903 509 3948 a
540 3889 742 3950 sacrosancta
764 3882 973 3950 Oecumenica
1004 3883 1130 3966 Synodo
1161 3881 1323 3946 humiliter

155 3966 382 4052 efflagitamus,
404 3990 525 4037 summo
550 3991 620 4036 cum
643 3972 857 4038 venerationis
881 3969 996 4037 affectu
1018 3987 1076 4036 nos
1099 3968 1293 4052 profitentes.

252 4109 341 4174 Heio
357 4111 573 4192 postulationi
596 4112 855 4192 subscripserant
876 4116 916 4175 61
941 4110 1078 4176 Ooecilo'o'
1101 4109 1225 4173 Patres.

634 4353 845 4360 -—--.-

634 4364 844 4372 Ἧ-
