2946 4942
522 312 563 365 or
585 311 741 371 romum
764 311 941 369 olumuce-
1269 299 1311 375 aa

148 450 303 530 sistimur,
328 455 365 515 ut
389 448 509 516 referat
531 452 745 532 unusquisque
768 452 898 533 propria
921 453 1062 534 corporis
1084 457 1179 533 prout
1201 453 1309 533 gessit,

150 540 216 604 sive
239 538 356 603 bonum
380 538 445 603 sive
461 538 578 602 malum
602 538 647 620 (2.
664 536 735 605 Cor.
763 541 792 603 5.
819 540 881 621 10),
906 556 1008 619 neque
1031 539 1114 604 ullus
1137 544 1210 620 post
1231 539 1313 605 hano

148 625 318 691 mortalem
339 626 437 689 uitam
453 626 642 708 relinquitur
657 624 744 691 loeus
760 626 974 708 poeniteutiae
989 627 1030 697 ad
1042 624 1311 710 justificationem.

151 714 269 779 Omnes
290 713 396 792 igitur,
421 715 475 795 qui
499 715 529 777 in
553 712 668 778 actuali
690 719 821 794 peccato
846 712 971 779 mortali
995 715 1059 778 vita
1081 713 1265 795 firnguntur,
1290 733 1310 779 a

148 818 253 883 reguo
266 801 326 865 Dei
341 799 458 872 exclusi
474 801 632 869 eruciatus
644 801 818 882 gehennae,
835 802 867 867 in
884 820 946 881 qua
963 801 1050 866 nulla
1066 807 1114 866 est
1125 803 1310 884 redemptio,

148 887 179 952 in
204 892 370 961 aeternum
387 888 596 960 sustinebunt.
630 887 736 953 Etiam
760 890 814 968 qui
838 907 908 955 cum
930 889 996 954 solo
1012 888 1157 970 originali
1179 897 1311 972 peoaato

150 980 287 1051 raortom
310 975 438 1054 obeunt,
461 976 556 1044 beata
571 974 630 1043 Dei
652 977 774 1041 visione
795 977 1030 1058 inperpetuum
1051 978 1215 1042 carebunt.
1251 977 1311 1056 Qui

149 1081 226 1127 vero
247 1065 282 1135 iu
305 1062 461 1135 onomata
484 1063 545 1133 Dei
560 1063 763 1141 decommum,
787 1069 955 1145 antequam
972 1065 1076 1146 dignis
1098 1065 1311 1145 poenitentiae

148 1148 308 1225 fructibus
330 1149 370 1215 da
393 1151 567 1222 commissis
598 1149 810 1226 satisfeoerint
832 1157 864 1217 et
886 1152 1025 1232 omissio,
1055 1170 1163 1218 eorum
1188 1153 1311 1219 animae

150 1238 476 1320 noenu-purgatoriis
497 1245 571 1319 post
593 1244 728 1305 mortem
750 1244 935 1320 purgantur.

256 1323 389 1398 illorum
405 1325 538 1407 denique
562 1326 695 1406 smmw,
717 1329 771 1408 qui
793 1334 867 1409 poet
890 1327 1082 1408 baptismum
1105 1327 1225 1393 nullam
1239 1346 1310 1410 pee-

151 1413 215 1479 oati
239 1412 397 1477 maculam
419 1414 632 1492 incurrerunt,
664 1419 721 1483 aut
742 1421 814 1495 post
846 1419 1041 1481 contractam
1064 1415 1220 1481 merulam
1241 1416 1309 1482 sive

152 1501 182 1564 in
205 1518 339 1581 corpore
363 1501 429 1565 sive
445 1506 517 1583 post
538 1506 671 1566 mortem
686 1502 815 1583 purgati
838 1507 921 1580 sunt,
945 1520 1017 1568 mox
1040 1503 1072 1567 in
1089 1502 1209 1568 coelum
1232 1503 1312 1568 reei-

153 1588 284 1669 piuntur
311 1594 407 1669 atque
440 1588 542 1653 Deum
575 1607 673 1653 unum
696 1595 732 1666 et
759 1589 877 1654 trinum
910 1589 994 1654 elane
1023 1591 1182 1656 intuentes
1206 1591 1312 1656 divina

152 1676 291 1741 essentia
313 1677 346 1739 in
368 1693 492 1741 omnem
515 1677 736 1741 aeternitatem
760 1675 916 1742 fruentur.
929 1677 952 1759 1)

258 1761 365 1840 Quare
395 1781 574 1844 monemur,
605 1769 654 1842 ut,
686 1765 914 1845 dumtampus
944 1764 1110 1843 habemns,
1145 1782 1313 1847 operemur

153 1849 376 2022 bonnm(}Gal.
403 1855 432 1915 6.
458 1853 529 1931 10),
554 1852 628 1932 quia
650 1852 737 1916 venit
760 1869 829 1931 nox,
854 1852 978 1932 quando
994 1870 1085 1918 nemo
1107 1857 1214 1935 potest
1236 1870 1311 1934 ope·

153 1939 225 2003 rari.
307 1955 378 2003 oan.
404 1942 433 2004 9.
457 1938 502 2021 4.)
528 1975 565 1984 -

658 2203 766 2214 ‘mantum‘
783 2203 788 2211 ⁸
792 2204 803 2212 1·
807 2203 825 2213 rw
833 2211 837 2216 .

585 2455 886 2548 OANONBS.

720 2672 744 2739 1.

582 2829 634 2896 De
656 2850 698 2896 ss.
725 2829 892 2903 Trimitote.
939 2922 943 2931 Ι

262 2994 291 3054 1.
315 2987 348 3064 Si
371 2989 442 3069 quis
466 2988 593 3070 dixerit,
621 2989 700 3053 siout
721 2994 786 3052 tres
809 3006 973 3070 personas,
998 2990 1044 3069 ita
1066 2995 1101 3056 et
1122 2995 1187 3056 tres
1210 3007 1315 3075 essen-

159 3075 218 3141 tias
240 3093 299 3142 seu
321 3076 513 3142 substautias
536 3076 569 3139 in
591 3076 659 3140 Deo
682 3093 768 3154 esse;
792 3076 960 3141 anathema
983 3077 1032 3148 sit.

262 3168 293 3230 2.
317 3163 351 3239 ‚si
373 3165 443 3243 quis
467 3164 588 3241 dixerit,
613 3162 750 3228 divinam
774 3165 984 3233 substantiam
1007 3182 1071 3232 nou
1094 3181 1234 3245 numero,
1259 3165 1316 3229 sed

159 3251 260 3332 speeie
281 3268 341 3314 seu
363 3250 515 3332 qualitate
543 3251 641 3316 trium
663 3269 870 3333 personarum
895 3269 988 3319 unam
1012 3252 1206 3334 eandemque
1229 3268 1316 3331 esse3

158 3338 325 3403 anathema
348 3339 397 3414 sit.
829 3403 831 3407 Α

264 3431 294 3492 3.
326 3424 360 3490 Si
395 3428 464 3506 quis
499 3426 627 3506 dixerit,
666 3426 851 3491 Trinitatem
884 3445 980 3497 unum
1014 3428 1116 3492 Deum
1152 3444 1222 3492 esse
1254 3444 1318 3492 non

157 3518 288 3595 propter
309 3514 403 3577 unius
426 3514 625 3579 substantiae
640 3513 899 3594 singularitatem,
923 3514 980 3579 sed
994 3520 1124 3595 propter
1139 3514 1199 3578 Dei
1220 3514 1318 3579 trium

157 3600 410 3665 substantiarum
434 3600 657 3682 aequalitatem
680 3608 713 3665 et
727 3619 937 3684 personarum
960 3603 1001 3666 ad
1024 3619 1057 3664 se
1080 3601 1214 3666 invicem
1236 3603 1317 3667 rela-

156 3689 289 3766 tionem,
311 3688 480 3754 anathema
502 3690 553 3753 sit.

265 3780 297 3838 4.
321 3775 446 3856 Siquis
469 3777 659 3842 creationem
682 3781 738 3840 aut
760 3777 901 3859 quamvis
924 3776 1018 3845 aliam
1041 3778 1255 3857 operationem
1277 3778 1320 3842 ad

156 3868 252 3927 extra
273 3863 329 3927 uni
358 3881 510 3944 personae
542 3864 666 3928 divinae
689 3864 735 3928 ita
764 3864 922 3944 propriam
946 3882 1013 3928 osse
1036 3864 1165 3943 dixerit,
1196 3868 1318 3930 utnon

155 3951 201 4029 sit
225 3951 371 4018 omnibus
394 3953 577 4031 eommunis,
599 3970 662 4019 una
685 3957 718 4016 et
740 3951 892 4031 indivisa,
917 3952 1086 4030 anathema
1108 3952 1159 4025 sit.

272 4163 291 4228 ¹)
312 4158 390 4213 (loni.
404 4159 520 4214 Concilii
532 4160 687 4215 Florentini
700 4159 838 4223 decretum
850 4161 973 4227 arionita
991 4160 1133 4217 Innooent.
1147 4160 1195 4215 iil.
1209 4161 1320 4219 limaci.

155 4228 460 4367 fliddzjio{azetjngssliapt.;
479 4227 581 4287 Bened.
595 4231 656 4289 ΧΠ.
669 4230 761 4288 const.
780 4229 944 4285 Benedictus
956 4231 1046 4301 Deus;
1064 4231 1132 4285 Pius
1145 4231 1191 4308 Yl.
1204 4231 1319 4304 Auctor.

1182 4387 1213 4443 3*
