2954 4936
521 1197 684 1270 SECTIO
713 1198 896 1269 TERTIA.

130 1362 531 1502 1881111111,
584 1363 755 1497 puin
793 1364 1169 1464 rnsrronur
1200 1366 1294 1464 ln

415 1505 540 1604 rens
572 1502 1005 1606 nounarrms.

526 1840 554 1920 1.
588 1836 892 1920 Pbsllllllllll
955 1869 960 1878 ·

441 1995 606 2062 oouraa
631 1994 977 2063 ouronocrsuuu.

233 2154 270 2218 In
293 2172 332 2219 ea
348 2154 502 2235 Sessione‚
525 2156 635 2235 inqua
658 2171 760 2218 sermo
775 2153 904 2217 habitus
927 2160 978 2219 est
1000 2153 1039 2217 de
1063 2153 1277 2237 Oatoloplsmo

128 2239 420 2306 Excellentissimus
451 2247 484 2307 et
514 2241 805 2306 Reverendissimus
835 2240 952 2305 Gasser
981 2239 1156 2322 Episcopus
1186 2242 1292 2306 Brixi-

127 2328 235 2394 nensis
249 2329 374 2394 nomine
390 2327 651 2411 congregationis
667 2329 759 2393 rebus
774 2326 864 2392 Fidei
879 2329 1080 2410 praepositae
1098 2326 1286 2409 affirmabat,

127 2415 344 2496 quaestionem
367 2416 455 2481 illam
486 2434 550 2480 nou
573 2434 643 2481 esse
666 2434 703 2480 eo
725 2415 795 2480 loco
817 2415 929 2480 leviter
951 2422 985 2479 et
1006 2413 1218 2496 perfunctorie
1239 2420 1294 2481 at!

126 2503 324 2587 tingendam,
359 2505 416 2569 sed
438 2503 513 2569 alibi
536 2503 742 2585 opportunius
766 2502 804 2567 de
827 2521 865 2567 ea
888 2504 1058 2585 agendum,
1085 2509 1123 2568 ut
1144 2508 1213 2568 tota
1235 2522 1287 2569 res

126 2590 240 2656 melius
263 2595 294 2655 et
315 2590 439 2673 plenius
463 2589 654 2657 definiretur

233 2677 316 2742 Huic
338 2679 544 2745 declarationi
566 2678 766 2743 inhaerentes
789 2676 981 2757 infrascripti
1000 2674 1187 2742 Gardiuales
1209 2676 1287 2759 Epi-

128 2766 225 2848 scopi,
241 2784 282 2830 ne
298 2767 513 2832 controversia
527 2766 619 2830 nimis
635 2766 698 2829 late
712 2771 830 2846 patent,
847 2765 1059 2830 damnandam
1075 2772 1286 2846 proponerent

126 2852 215 2918 illam
248 2853 415 2919 dumtaxat
446 2853 653 2936 Ontologismi
683 2851 830 2930 formam,
866 2870 948 2933 quae
978 2858 1086 2934 aperte
1114 2852 1292 2919 catholicae

125 2940 290 3006 doctrinae
317 2942 501 3023 opponitm·,
538 2948 570 3006 et
602 2940 840 3006 fundamentum
870 2945 919 3004 est
945 2939 1117 3005 multorum
1140 2958 1285 3006 errorum

125 3030 179 3110 qui
203 3045 288 3094 nunc
302 3028 366 3094 late
389 3030 552 3111 pervagati
569 3034 658 3093 sunt:
682 3033 715 3092 et
738 3029 917 3093 continetur
932 3027 964 3091 in
987 3026 1042 3091 illa
1056 3028 1284 3109 propositione:

130 3115 311 3195 ,Naturalis
334 3121 384 3182 est
405 3117 525 3182 homini
548 3116 683 3198 cognitio
706 3114 765 3180 Dei
788 3114 906 3180 directa
929 3120 961 3179 et
981 3115 1192 3181 immediata.“

152 3202 155 3207 '
232 3204 281 3268 Ex
296 3202 360 3268 olio
374 3210 466 3285 parte
481 3223 544 3269 non
556 3204 680 3268 ridetur
695 3203 851 3284 expedire,
866 3209 903 3267 ut
915 3200 1089 3267 Concilium
1098 3203 1285 3268 Vaticanum

126 3291 253 3374 penitus
286 3291 326 3355 de
349 3290 563 3372 Ontologismo
595 3291 696 3356 sileat.
742 3290 789 3355 Ex
820 3290 880 3356 hoc
903 3292 986 3354 enim
1009 3289 1134 3355 silentio
1158 3290 1291 3356 0111818-

126 3378 230 3460 gistae
253 3380 360 3444 statim
376 3381 458 3445 vires
480 3385 687 3459 resumerent,
711 3397 786 3444 suas
810 3378 1041 3443 controversias
1056 3381 1284 3455 restaurarent,

125 3462 196 3547 ipsa
218 3465 380 3532 Romanae
402 3464 665 3550 congregationis
696 3484 850 3547 responsa
881 3465 937 3550 (18
965 3465 1160 3547 Septembris
1185 3468 1283 3544 1861)

123 3551 335 3634 infirmarent,
371 3558 403 3618 et
429 3554 502 3620 huic
525 3553 598 3620 Sedi
629 3554 739 3618 turbas
761 3559 795 3618 et
817 3552 978 3618 molestias
1001 3556 1158 3619 crearent.
1205 3552 1285 3618 Cum

124 3658 199 3705 uero
223 3639 254 3705 S.
277 3640 315 3705 R.
340 3640 378 3706 U.
401 3641 617 3723 Inquisitlonis
644 3640 854 3724 congregatio
885 3642 944 3726 (18
968 3640 1160 3722 Septembris
1185 3639 1290 3724 1861)ι

124 3727 256 3794 allatam
278 3730 524 3810 propositionem
539 3734 608 3795 tuto
631 3729 715 3793 tradi
737 3747 801 3794 non
822 3746 914 3811 posse
930 3728 1112 3808 decreverit,
1138 3733 1171 3793 et
1192 3727 1285 3807 multi

124 3813 276 3896 Episcopi
299 3817 497 3898 (praesertim
519 3816 721 3899 Neapolitani
744 3817 777 3880 in
807 3834 866 3881 sua
892 3816 1027 3897 epistola
1049 3815 1214 3880 collectiva
1243 3813 1284 3878 ad

125 3900 255 3968 Olerum
271 3904 466 3970 saecularem
490 3910 523 3981 et
545 3905 725 3987 regularem
749 3909 790 3968 28
808 3904 894 3970 Junii
920 3906 1017 3984 1882)
1034 3901 1283 3981 Ontologismnm

124 3992 269 4072 graviter
289 3992 561 4073 reprehenderint3
591 3991 708 4057 Christi
730 3990 838 4056 fideles
860 3990 954 4071 hujus
978 3988 1188 4054 damnationis
1211 4005 1284 4053 con·

123 4077 332 4144 firmationem
358 4086 526 4160 expectare
558 4080 721 4144 videntur:
756 4079 810 4161 qui
839 4079 970 4159 insuper
1003 4077 1210 4158 mirarentur,
1244 4094 1284 4141 ex

125 4167 224 4233 totius
239 4165 331 4253 orbis
353 4167 497 4248 partibus
512 4165 685 4249 Episcopus
707 4167 741 4231 in
762 4165 952 4233 Vaticanum
968 4162 1139 4230 Concilium
1156 4167 1283 4229 coactos

124 4253 242 4335 nune,
254 4259 292 4320 ut
313 4256 550 4347 pantheismum
568 4259 602 4321 et
623 4254 873 4320 rationalismum
891 4252 1031 4334 aliosque
1046 4269 1177 4330 errores,
1203 4265 1287 4331 quos
