2946 4942
495 310 533 355 os
557 309 776 358 moneremus.
1153 298 1220 361 247

56 457 102 532 et,
125 456 223 533 prout
245 454 441 531 compertum
464 448 607 526 habetur,
643 446 709 512 fere
732 447 847 529 ubique
869 449 901 512 in
926 447 1097 514 Germania
1119 451 1221 515 immi·

56 545 147 618 nent,
179 538 228 602 his
251 536 473 618 praesentibus
497 554 536 599 ea
557 541 680 601 tantum
705 539 913 616 exponuntur,
948 553 1031 616 quae
1052 538 1221 619 praecipue

57 625 337 691 commemoranda
360 641 429 688 esse
451 622 650 687 videbantur.

70 761 74 769 .
97 784 100 789 ,
165 710 238 778 Jam
261 712 362 794 primo
385 729 448 775 non
471 727 603 791 parvam
619 706 839 774 difficultatem
862 711 1004 774 executio
1020 729 1120 775 novae
1142 711 1221 792 legis

56 800 176 883 ingerit
197 800 230 864 in
252 798 407 863 relatione
430 797 472 862 ad
493 795 716 878 rempublicam
741 796 873 862 civilem.
931 796 1019 862 Haec
1042 799 1126 862 enim
1147 804 1222 864 vota

57 887 212 968 simplicia
233 904 295 951 non
319 886 435 966 ubique
464 891 500 948 ut
522 884 600 948 talia
623 884 810 960 considerat,
844 883 959 964 quibus
982 891 1134 950 voventes
1156 905 1222 951 mo·

57 975 200 1039 mosterio
224 974 348 1039 cuidam
371 973 621 1053 incorporentur,
644 971 677 1035 iu
700 969 847 1034 Helvetia
868 989 951 1050 vero,
974 972 1028 1036 ubi
1052 973 1091 1037 de
1114 990 1221 1054 recep·

58 1063 147 1137 tione
161 1061 407 1142 alienigenarum
430 1060 462 1124 in
479 1058 629 1124 Ordinem
651 1059 765 1138 agitur,
789 1063 918 1139 praeter
934 1065 1052 1122 certam
1068 1061 1220 1140 pecuniae

59 1167 226 1228 summam,
250 1149 392 1213 dimissio
415 1165 539 1228 quoque
564 1165 583 1210 a
604 1147 709 1227 patrio
733 1145 885 1226 gubernio
909 1146 1053 1227 exigitur.
1099 1146 1221 1222 Quibus

60 1255 168 1300 rerum
192 1237 349 1318 adjunctis
364 1237 473 1314 itaque
495 1232 588 1298 facile
611 1233 678 1297 lieri
701 1236 815 1314 potest,
839 1232 932 1313 idque
948 1252 1010 1297 non
1027 1235 1093 1298 sine
1109 1252 1221 1314 magno

60 1323 249 1389 detrimento
281 1322 449 1404 respectivi
479 1320 669 1398 monasterii,
704 1325 739 1384 ut
762 1319 911 1401 religiosi,
946 1321 973 1384 si
995 1329 1104 1385 exacto
1135 1321 1222 1385 novi-

16 1450 20 1456 -
61 1413 146 1476 flatu
167 1429 230 1475 non
254 1411 362 1475 statim
387 1409 428 1474 ad
442 1408 668 1489 professionem
685 1406 855 1472 solemnem
871 1407 1088 1487 admittantur,
1112 1405 1223 1473 officiis

60 1498 204 1563 civilibus
233 1503 328 1578 atque
351 1496 503 1577 imprimis
536 1495 724 1560 militaribus
753 1512 831 1558 suae
854 1494 976 1575 patriae
1007 1495 1152 1560 obstricti
1174 1513 1224 1559 re-

60 1592 221 1666 maneant,
244 1585 294 1649 vel
316 1584 371 1648 ubi
389 1584 455 1665 juri
471 1580 608 1648 civitatis
631 1582 736 1664 patria
758 1582 790 1644 in
814 1582 944 1661 regione
959 1583 1221 1660 renuntiaverint,

60 1678 95 1737 et
117 1672 317 1753 postmodum
341 1676 414 1734 ante
436 1668 661 1750 professionem
685 1674 827 1732 votorum
851 1669 1035 1733 solemnium
1060 1669 1223 1734 dimittan-

60 1764 125 1834 tur,
158 1759 211 1824 illo
242 1758 314 1838 jure
336 1758 408 1821 hinc
432 1757 519 1822 illine
542 1757 655 1836 privati
678 1757 825 1822 existant.
884 1754 952 1820 Non
976 1757 1089 1820 mirum
1113 1757 1222 1837 igitur,

62 1848 91 1910 si
115 1845 232 1911 talibus
256 1865 361 1910 rerum
385 1845 549 1917 eventibus
571 1844 678 1924 plures
695 1862 714 1906 a
730 1844 923 1923 capessenda
945 1843 1097 1925 religione
1119 1845 1222 1908 deter-

61 1939 203 2013 reantur,
238 1933 330 2013 idque
354 1951 391 1997 eo
422 1932 530 2012 magis,
566 1950 635 1994 cum
661 1932 728 2012 jam
755 1930 794 1995 de
817 1936 923 1996 cetero
952 1930 1038 2011 leges
1062 1931 1167 1995 civiles
1192 1938 1224 1996 et

61 2021 205 2103 publicas
228 2022 260 2085 in
282 2019 431 2085 Helvetia
453 2028 487 2083 et
511 2017 586 2083 alibi
612 2017 772 2082 ordinibus
795 2018 951 2099 religiosis
974 2018 1154 2083 nullatenus
1176 2016 1191 2081 f
1210 2055 1222 2064 ·

61 2125 137 2172 vere
161 2112 291 2172 constat.

92 2252 95 2257 .
171 2194 262 2258 Nova
283 2213 342 2259 nec
364 2196 465 2258 minor
488 2191 655 2258 difficultas
679 2193 819 2274 exsurgit
841 2193 946 2274 quoad
968 2193 1039 2257 illos
1062 2193 1223 2274 religionis

12 2352 17 2361 ,
61 2281 260 2360 candidatos,
296 2283 350 2362 qui
374 2282 414 2346 ad
438 2299 546 2346 saeros
570 2280 695 2345 ordines
718 2281 942 2361 suscipiuntur.
998 2279 1073 2344 Sine
1095 2280 1224 2360 speciali

61 2369 148 2433 enim
171 2368 293 2433 indulto
323 2369 354 2434 S.
379 2368 471 2433 Sedis
500 2366 655 2450 ejusmodi
677 2366 849 2448 religiosos,
881 2367 1019 2432 nondum
1043 2367 1225 2433 solemniter

61 2455 233 2537 professos,
270 2456 395 2520 etiamsi
418 2457 448 2520 S.
473 2454 661 2535 Theologiae
698 2454 886 2519 curriculum
917 2456 984 2536 jam
1019 2454 1222 2533 absolverint,

61 2543 105 2607 ad
129 2541 159 2606 S.
185 2543 319 2607 Ordines
342 2560 528 2623 promovere
562 2560 625 2606 non
647 2541 737 2620 licet3
773 2543 800 2605 si
823 2559 897 2607 vero
928 2560 965 2605 ex
987 2541 1117 2622 speciali
1148 2560 1223 2606 eon-

62 2631 206 2695 cessione
229 2629 260 2697 S.
285 2629 375 2694 Sedis
400 2630 570 2694 Ordinibus
601 2646 626 2692 s.
649 2628 816 2693 initiantur
839 2634 999 2693 ettamen
1022 2629 1223 2709 postmodum

62 2721 142 2781 ante
164 2716 333 2782 solemnem
356 2715 580 2798 professionem
608 2735 627 2780 a
650 2715 802 2797 religione
831 2717 1043 2795 dimittuntur,
1076 2716 1145 2797 ipsi,
1176 2716 1225 2780 uti

65 2804 222 2868 monitum
245 2810 303 2881 est,
334 2804 454 2868 tamdiu
477 2804 517 2868 ab
541 2802 687 2867 exercitio
710 2802 863 2867 Ordinum
886 2805 1029 2883 suspensi
1052 2808 1224 2882 remanent,

64 2891 167 2956 donec
198 2891 236 2954 de
267 2909 406 2972 congruo
436 2891 623 2972 patrimonio
655 2890 697 2954 ad
725 2891 954 2972 praescriptum
986 2889 1039 2956 SS.
1070 2908 1224 2956 canonum

60 2978 297 3058 provideantur.

171 3064 277 3129 Facile
292 3065 491 3145 perspicitur,
516 3083 597 3145 quae
620 3070 652 3128 et
668 3069 787 3145 quanta
809 3064 883 3129 inde
905 3065 1100 3128 incommoda
1116 3069 1148 3126 et
1170 3065 1224 3129 de-

62 3151 216 3215 trimenta
237 3152 270 3215 in
294 3152 487 3215 monasteria
509 3169 570 3215 non
594 3153 696 3215 minus
712 3169 750 3215 ae
771 3152 803 3214 in
826 3153 911 3230 ipsos
934 3149 1093 3234 professos
1109 3151 1223 3216 redun-

62 3239 145 3302 dare
169 3256 298 3303 necesse
320 3240 370 3318 sit,
392 3239 487 3319 idque
510 3256 547 3302 eo
571 3239 684 3317 magis,
714 3257 786 3303 cum
808 3238 938 3319 iusuper
959 3237 1224 3303 Reverendissimi

64 3324 225 3390 Ordinarii
248 3319 359 3407 aperta
382 3325 556 3390 erratione
579 3325 665 3389 haud
688 3343 804 3406 pronos
827 3344 862 3390 se
877 3326 1048 3390 ostendunt
1070 3326 1224 3404 eiusmodi

62 3410 229 3493 religiosos
257 3413 432 3491 ordinandi,
468 3417 500 3476 et
521 3413 573 3476 vix
602 3413 792 3493 sperandum
816 3418 873 3493 est,
909 3413 1035 3477 eosdem
1059 3414 1223 3493 proniores

62 3497 143 3577 fieri,
168 3500 248 3564 tales
272 3519 291 3563 a
313 3499 464 3580 religione
488 3498 632 3563 dimissos
655 3500 834 3580 recipiendi.
879 3499 961 3575 Quid
983 3502 1096 3565 mirum
1119 3501 1223 3580 igitur,

61 3586 93 3650 si
116 3587 236 3668 pariter
259 3587 349 3650 multi
365 3585 519 3667 ejusmodi
535 3584 679 3651 infaustis
695 3587 845 3668 auspiciis
861 3586 1007 3651 deterriti
1022 3587 1062 3651 ab
1077 3587 1222 3668 ingressu

62 3674 98 3737 in
121 3672 302 3754 religionem
326 3672 516 3738 arceantur?

171 3760 300 3825 Accedit
322 3761 456 3841 denique
478 3759 574 3825 tertia
589 3761 761 3841 etquidem
776 3760 935 3842 hucusque
950 3761 1100 3843 expositis
1123 3762 1223 3826 multo

61 3848 190 3926 gravior
213 3850 302 3924 ratio,
335 3865 399 3927 vqua
420 3865 530 3912 revera
561 3847 794 3929 comprobatur,
827 3867 884 3929 per
910 3866 1024 3912 novam
1054 3846 1223 3930 profitendi

61 3933 167 4014 legem
200 3935 372 3999 salutarem
401 3933 512 4012 finem,
540 3935 581 3998 ad
611 3953 704 4016 quem
736 3934 823 3998 illam
850 3954 869 3998 a
892 3935 923 4000 S.
947 3933 1098 4000 Pontifiee
1125 3936 1223 4000 latam

62 4021 292 4102 cognoscimus,
330 4022 526 4102 pessumdari
557 4022 663 4101 potius
693 4039 788 4102 quam
820 4023 963 4088 obtineri.
1018 4022 1112 4087 Teste
1138 4024 1222 4088 enim

62 4108 257 4189 experientia
291 4107 443 4188 professio
477 4114 623 4172 votorum
656 4107 849 4188 solemnium,
884 4110 1065 4175 introducta
1090 4109 1161 4191 lege
1184 4111 1222 4174 de

61 4192 260 4274 professione
293 4204 437 4260 votorum
472 4195 671 4275 simplicium,
711 4194 843 4259 multum
876 4195 960 4260 illius
995 4196 1222 4262 saluberrimae

61 4278 222 4346 efficaciae
246 4287 277 4346 et
299 4283 347 4347 vis
363 4282 509 4364 perdidit,
537 4301 629 4362 quam
654 4284 741 4363 prius
758 4284 790 4346 in
813 4283 950 4347 animum
974 4292 1006 4347 et
1028 4283 1222 4349 voluntatem
