2946 4942
154 335 225 396 -254
649 347 831 395 nocuuunm

153 485 295 551 ducendi
318 485 411 550 modo
434 491 569 566 apparet
591 490 627 548 ut
649 485 850 567 nonpossint
873 486 944 566 plus
968 486 1148 550 conversari
1171 487 1235 551 nisi
1252 504 1324 550 cum

159 573 231 651 illis,
255 573 309 654 qui
331 572 447 637 callent
475 572 617 654 linguam
640 572 795 652 gallicam,
829 576 861 636 et
883 571 957 638 iude
979 573 1104 637 omniuo
1127 591 1163 637 se
1188 573 1323 638 dantia

161 660 416 725 conversationes
446 659 626 724 francorum
655 660 709 740 qui
731 658 832 723 Beriti
857 660 1077 724 inveniuntur:
1112 665 1147 724 et
1171 678 1247 724 cum
1270 660 1322 724 isti

160 747 223 811 sint
246 745 395 828 expoliati
422 746 565 810 omnibus
597 745 769 827 Religionis
792 746 935 811 sensibus
970 752 1003 811 et
1034 747 1176 828 plerique
1210 748 1323 812 exeis

160 834 226 899 veri
249 833 365 897 inimici
387 833 569 915 Religionis
596 832 667 898 illos
686 833 819 914 juvenes
843 840 1047 915 corrumpunt
1070 834 1235 912 scandalo,
1261 833 1322 898 dis·

159 921 327 985 tribuendo
350 919 413 986 illis
435 920 532 984 libros
554 918 730 1001 pestiferos,
754 920 946 1001 irreligiosos
961 925 994 984 et
1016 920 1208 1003 immorales‚
1235 927 1269 986 et
1289 921 1322 986 in

159 1007 338 1071 irrisionem
360 1011 528 1086 vertentes,
557 1006 656 1072 veluti
678 1006 902 1087 ephemerides,
930 1007 1034 1072 omnia
1056 1008 1110 1089 pia
1132 1008 1322 1074 clericorum

154 1112 273 1175 opera,
308 1099 342 1158 et
367 1094 420 1159 isti
449 1093 580 1174 juvenes
610 1092 758 1158 facillime
790 1094 943 1176 corrupti,
976 1094 1138 1160 multoties
1169 1101 1322 1177 superant

152 1182 284 1247 illorum
308 1183 478 1263 magistros
503 1182 537 1245 in
559 1180 694 1261 malitia,
725 1183 819 1246 sicuti
842 1180 881 1246 de
911 1179 995 1247 iacto
1018 1183 1132 1248 evenit.
1179 1182 1229 1247 Ne
1252 1183 1320 1264 quis

158 1273 249 1350 putet
272 1268 333 1333 hcc
353 1269 470 1333 dictum
485 1267 582 1333 fuisse
604 1268 713 1332 latiori
734 1269 837 1347 modo,
860 1269 919 1333 sed
932 1270 1044 1333 stricte
1066 1287 1177 1334 rerum
1201 1270 1321 1350 dictum

152 1355 227 1435 fuit,
252 1361 284 1420 et
307 1373 415 1421 omues
438 1355 557 1420 alumni
577 1354 691 1420 borum
706 1354 909 1436 collegiorum
931 1360 1007 1420 suut
1020 1355 1201 1437 hujusmodi
1225 1361 1260 1421 ot
1281 1355 1320 1420 ad

159 1461 316 1507 summum
339 1448 357 1505 5
382 1444 464 1508 inter
498 1449 623 1506 centum
645 1443 825 1507 enumerari
854 1449 988 1524 possunt
1012 1461 1133 1524 eorum,
1164 1443 1220 1525 qui
1249 1461 1319 1508 rme

158 1534 345 1611 permanent
360 1527 560 1595 conficientes
576 1547 675 1612 opera
689 1530 872 1594 bonevitae
887 1530 1054 1611 religiosae
1070 1530 1183 1611 digua3
1207 1529 1318 1610 reliqui

158 1635 233 1682 vero
257 1634 319 1680 non
347 1617 448 1680 solum
472 1618 625 1697 corrupti,
655 1617 829 1680 sedetiam
851 1617 968 1681 multos
998 1617 1156 1699 simplices
1180 1635 1318 1682 corrum-

159 1709 238 1785 punt
261 1704 315 1784 qui
337 1704 382 1768 eis
406 1709 480 1767 suut
504 1704 632 1768 addicti.

263 1791 306 1855 At
339 1791 501 1855 videamus
535 1808 619 1856 nuuc
650 1808 805 1870 quaenam
839 1787 1017 1854 differentia
1051 1792 1093 1855 sit
1124 1791 1210 1855 iuter
1241 1791 1317 1855 istos

143 1877 304 1941 ‘alumnos
328 1884 360 1942 et
382 1879 465 1942 inter
487 1877 630 1942 alumnos
651 1877 915 1942 Protestantium:
938 1877 1031 1959 primi
1055 1878 1138 1942 cuim
1156 1878 1227 1959 jam
1249 1877 1318 1942 iude

158 1983 178 2028 a
211 1965 343 2029 decessu
376 1965 415 2029 de
449 1964 581 2046 collegio
616 1964 759 2029 totaliter
789 1983 824 2029 se
857 1963 1022 2028 declarant
1051 1971 1164 2030 contra
1194 1963 1317 2030 illorum

158 2051 335 2133 magistros,
367 2056 400 2116 et
431 2057 542 2116 contra
564 2053 649 2134 ipsos
672 2069 745 2116 suos
777 2051 1061 2132 correligionarios3
1093 2057 1128 2116 at
1150 2053 1318 2116 secundie

154 2143 270 2204 contra
299 2139 542 2218 patrocinantur
570 2139 636 2202 suis
658 2139 819 2220 magistris
848 2143 881 2201 et
903 2138 1028 2201 illorum
1060 2138 1265 2220 dogmatibus
1288 2143 1318 2202 et

153 2243 265 2290 omnes
289 2242 364 2290 suas
386 2225 469 2290 vires
491 2231 613 2306 ponunt
636 2225 678 2289 ad
702 2226 781 2291 alios
805 2225 1026 2289 adducendum
1048 2225 1081 2288 iu
1103 2242 1256 2290 errorem.

264 2311 366 2377 Credo
395 2330 469 2377 vero
498 2312 585 2376 istud
616 2313 784 2377 discrimen
807 2313 973 2392 provenire
1002 2330 1104 2377 exeo
1133 2312 1221 2392 quod
1244 2311 1318 2376 Pro·

150 2403 311 2464 testantes
334 2399 524 2465 inducendo
547 2417 611 2464 non
633 2404 701 2463 tam
723 2399 908 2464 incumbunt
930 2399 964 2462 iu
978 2398 1119 2480 linguam
1135 2399 1317 2477 docendam

150 2504 253 2567 quam
268 2486 310 2551 ad
333 2503 405 2551 suos
422 2486 565 2551 alumnos
586 2486 771 2551 imbuendos
787 2487 947 2568 principiis
964 2486 1133 2566 religiosis3
1157 2485 1192 2549 hi
1208 2485 1318 2550 deinde

157 2592 219 2638 uon
243 2573 448 2656 egrediuntur
475 2573 605 2654 collegio
636 2578 713 2638 ante
736 2577 873 2638 aetatem
897 2577 936 2636 21
962 2578 995 2637 et
1018 2573 1144 2638 illorum
1174 2571 1318 2655 magistri

157 2677 220 2725 uon
243 2661 392 2726 desinunt
418 2660 489 2725 illos
511 2661 668 2741 inspicere
699 2664 731 2726 et
761 2659 962 2741 frequentare
993 2666 1025 2723 et
1052 2660 1115 2724 illis
1147 2676 1316 2741 procurare

154 2745 269 2826 officia,
294 2754 327 2812 et
350 2748 447 2812 etiam
480 2748 512 2812 iu
533 2748 659 2812 illorum
684 2747 823 2828 collegiis
845 2765 908 2812 non
932 2746 1102 2811 attendunt
1125 2745 1316 2812 multitudini

158 2832 356 2898 alumnorum
378 2841 509 2917 propter
531 2834 705 2916 temporale
728 2835 859 2914 lucrum,
885 2834 979 2899 sicuti
994 2832 1113 2898 faciunt
1128 2831 1315 2899 missiouarii

158 2919 317 3000 catholici,
347 2923 421 3000 quia
452 2922 550 3002 gratis
583 2923 695 2987 docent
726 2939 848 2998 omnes3
883 2927 915 2985 et
944 2921 1014 2985 ideo
1037 2921 1078 2984 ad
1107 2921 1171 2985 ista
1207 2921 1314 2985 damna

152 3007 297 3072 tollenda
320 3007 415 3071 credo
439 3008 544 3088 potius
567 3009 733 3074 convenire
756 3015 792 3073 ut
816 3008 991 3072 inculcetur
1014 3007 1162 3088 specialis
1184 3008 1313 3072 instruc·

153 3096 201 3159 tic
233 3096 265 3159 in
288 3093 361 3158 fidei
388 3095 576 3160 rudimentis
608 3096 708 3160 multo
736 3095 851 3176 magis,
883 3112 979 3175 quam
1009 3095 1041 3158 in
1069 3095 1250 3175 linguarum
1272 3094 1310 3158 iu·

157 3183 339 3246 structione.

263 3269 407 3334 Secundo
443 3269 536 3334 debet
570 3269 782 3334 commendari
814 3270 880 3332 istis
905 3268 1044 3350 collegiis
1073 3268 1157 3348 quod
1180 3287 1243 3334 uon
1262 3266 1307 3331 ad-

150 3355 326 3420 mittantur
354 3358 387 3420 iu
417 3357 486 3438 ipsa
511 3359 643 3438 juvenes
670 3357 730 3421 uisi
753 3361 857 3420 aetate
888 3360 927 3420 16
959 3362 992 3421 et
1022 3373 1084 3420 non
1113 3357 1307 3436 egrediantur

153 3443 291 3525 collegio
316 3449 390 3509 ante
415 3449 453 3507 21
481 3462 598 3507 annum
620 3445 735 3508 aetatis
758 3461 845 3508 suae.

183 3544 189 3554 ·
263 3531 384 3595 Deinde
414 3549 544 3612 prorsus
572 3531 695 3596 excludi
727 3530 821 3595 debet
856 3531 992 3594 mixtura
1023 3529 1254 3594 haereticorum
1278 3527 1307 3588 ct

158 3615 330 3682 infidelium
353 3637 425 3682 cnm
447 3617 582 3682 alumnis
606 3617 777 3683 catholicis.

264 3705 385 3770 Deinde
418 3704 583 3787 multiplex
611 3705 810 3769 alumnorum
841 3721 990 3768 numerus
1019 3703 1113 3768 debet
1146 3703 1243 3784 redigi
1269 3697 1328 3765 ul

39 3812 44 3819 ·
158 3791 346 3872 pauciorem,
377 3796 410 3855 et
431 3792 502 3857 ideo
525 3792 677 3874 quidquid
700 3797 846 3872 superest
869 3809 906 3854 ex
929 3792 1137 3871 eleemosynis
1161 3783 1338 3856 societatis

157 3878 339 3943 scholarum
362 3879 563 3944 orientalium
593 3879 731 3961 impendi
755 3879 848 3943 debet
874 3877 1017 3942 inlibris
1048 3876 1257 3960 imprimendis
1274 3880 1346 3942 bt

158 3967 257 4046 gratis
281 3967 515 4032 distribuendis.

264 4051 344 4118 Cum
366 4073 439 4118 vero
463 4053 613 4135 pleraque
637 4055 699 4119 ista
722 4054 837 4117 damna
858 4052 1044 4133 proveniant
1068 4070 1087 4116 a
1110 4045 1361 4117 societatibus

156 4139 314 4220 Europae,
338 4141 409 4207 ideo
433 4143 527 4205 etiarn
552 4141 708 4206 zelatores
725 4140 872 4205 catholici
895 4139 1041 4220 Europae
1057 4139 1175 4204 debent
1196 4135 1361 4203 fortiter

157 4244 299 4307 pugnare
322 4230 405 4293 vires
428 4226 598 4294 infernales
621 4229 731 4293 mediis
754 4226 990 4292 efficacioribus.
1027 4225 1141 4290 Oriens
1164 4226 1246 4290 enim
1265 4219 1361 4283 Vi!

158 4318 263 4393 potest
286 4316 434 4380 resistere
456 4316 488 4380 vi
511 4317 669 4397 indigena.
