2946 4942
508 285 549 332 nn
571 284 715 334 ncmnsm
738 282 856 332 cumam
879 284 899 330 1.
1245 264 1286 326 23

126 445 191 507 qua
214 425 406 492 credendum
429 423 470 490 ab
493 425 637 491 omnibus
661 421 780 489 Christi
802 420 947 488 fidelibus
970 425 1027 501 est,
1045 424 1189 485 sanctam
1200 417 1288 499 Ape·

126 514 269 580 stolidam
294 512 416 592 Sedem,
441 517 474 576 et
495 513 674 576 Romanum
696 510 881 577 Pontificem
914 511 947 574 in
974 510 1154 574 universum
1177 506 1286 570 orbem

124 607 235 666 tenere
272 603 459 682 primatum,
484 605 517 665 et
537 601 642 682 ipsum
665 597 848 664 Pontificem
871 599 1048 664 Rornanmn
1072 611 1287 660 successorem

125 707 196 754 esse
220 689 306 754 beati
328 689 415 752 Petri
437 689 585 770 principis
608 687 843 768 Apostolorum,
868 691 902 750 et
923 704 1031 751 verum
1054 682 1173 748 Christi
1195 682 1288 746 Vica-

124 778 218 856 rium,
242 775 403 857 totiusque
425 776 587 840 Ecclesiae
609 778 713 856 ceput,
738 780 771 838 et
794 775 933 838 omniurn
957 772 1210 837 Christianorum
1232 787 1299 850 pan

123 870 208 928 trem
242 881 279 927 ac
309 864 470 928 doctorem
494 863 647 941 existere3
683 866 716 926 et
750 863 812 944 ipsi
834 862 867 926 in
889 862 984 927 beato
1008 861 1103 924 Petro
1126 857 1285 940 pascendi,

124 951 259 1032 regendi
282 968 319 1015 ae
341 949 541 1033 gubernandi
562 950 771 1021 universalem
795 948 968 1014 Ecclesiam
985 947 1154 1012 aDomino
1178 950 1287 1009 nostro

120 1038 203 1104 lesu
226 1036 352 1102 Christo
377 1038 504 1119 plenam
528 1041 721 1118 potestatem
744 1037 897 1102 traditam
915 1054 1001 1114 esse,
1025 1033 1288 1115 quemadmodum

124 1126 224 1190 etiam
258 1126 290 1189 in
313 1127 410 1205 gestis
433 1126 704 1190 oecumenicorum
728 1123 939 1191 Consiliorum
963 1128 996 1188 et
1018 1123 1049 1187 iu
1073 1121 1171 1186 saeris
1196 1137 1287 1184 eano-

124 1213 218 1279 nibus
242 1213 429 1278 continetur.

231 1299 388 1365 Donamus
420 1301 552 1381 proinde
592 1306 624 1364 et
658 1299 867 1379 declaramus,
903 1297 1079 1362 Ecclesiam
1112 1295 1288 1360 Romanam

123 1388 314 1469 disponente
348 1387 482 1452 Domino
525 1405 620 1467 super
653 1403 763 1451 omnes
796 1387 875 1451 alias
907 1385 1086 1452 ordinariae
1119 1383 1288 1464 potestatis

124 1475 269 1540 obtinere
292 1475 522 1556 principatum,
546 1480 580 1539 et
608 1474 691 1539 hanc
712 1475 848 1539 Romani
870 1471 1031 1538 Pontifieis
1061 1469 1288 1551 jurisdictionis

123 1567 331 1643 potestatem,
361 1580 444 1643 quae
467 1581 542 1628 vero
565 1562 752 1644 episcopalis
769 1567 834 1640 est,
858 1561 1071 1626 immediatam
1096 1577 1187 1623 esse:
1211 1575 1288 1638 erga

124 1667 220 1730 quam
251 1650 475 1731 cujuscumque
507 1651 587 1714 ritus
619 1655 651 1713 et
684 1648 856 1730 dignitatis,
879 1653 1025 1730 pastores
1049 1651 1146 1726 atque
1167 1644 1286 1723 fideles,

124 1743 192 1801 tam
225 1753 367 1802 seorsum
403 1735 519 1818 singuli
552 1753 644 1817 quam
677 1736 769 1801 simul
792 1753 913 1817 omnes,
948 1734 1048 1800 officio
1072 1733 1288 1798 hierarchicae

124 1823 400 1904 subordinationis,
423 1842 580 1904 veraeque
603 1823 801 1889 obedientiae
825 1823 1076 1906 obstringuntur,
1100 1839 1164 1886 non
1186 1820 1288 1887 solum

123 1912 157 1975 in
192 1909 308 1990 rebus,
333 1929 416 1992 quae
438 1911 480 1975 ad
503 1908 598 1976 fidem
621 1917 653 1975 et
675 1929 795 1993 mores,
819 1911 875 1976 sed
897 1912 993 1976 etiam
1015 1909 1119 1988 iniis,
1142 1926 1223 1989 quae
1247 1908 1288 1972 ad

123 1997 325 2079 disciplinam
351 2003 384 2065 et
416 2001 557 2079 regimen
584 1998 763 2077 Ecclesiae,
800 2017 856 2080 per
886 2004 987 2063 totum
1012 1997 1121 2063 orbem
1144 1995 1284 2073 diffusae,

123 2086 307 2166 pertinent3
329 2086 375 2151 ite
397 2091 435 2150 ut
458 2085 616 2150 custodita
639 2104 708 2151 eum
732 2086 872 2151 Romano
885 2084 1037 2151 Pontifice
1059 2088 1127 2149 tam
1150 2096 1287 2149 commu·

123 2173 238 2250 nionis,
263 2190 356 2254 quam
380 2173 522 2256 ejusdem
545 2171 620 2238 fidei
634 2172 836 2255 professionis
852 2174 985 2253 unitate,
1007 2171 1153 2238 Ecclesia
1169 2171 1287 2236 Christi

123 2262 168 2325 sit
199 2277 282 2323 unus
317 2279 395 2342 grex
426 2261 484 2325 sub
515 2279 578 2325 uno
601 2279 723 2326 summo
746 2267 885 2342 pastore.
931 2260 1019 2326 Haec
1041 2266 1091 2326 est
1114 2258 1288 2326 catholicae

35 2352 39 2357 '
122 2346 272 2412 veritatis
296 2346 449 2426 doctrina,
473 2366 492 2412 a
514 2366 576 2429 qna
600 2347 727 2414 deviare
749 2348 837 2413 salva
859 2346 921 2413 fide
943 2355 1040 2429 atque
1066 2348 1169 2413 salute
1193 2364 1286 2412 nemo

122 2438 242 2516 potest.
1241 2503 1244 2513 ,

213 2521 349 2586 Tantum
379 2527 485 2586 autem
519 2522 628 2602 abest,
652 2529 688 2587 ut
714 2523 793 2588 haee
817 2522 936 2588 Summi
958 2520 1119 2588 Pontificis
1143 2524 1286 2602 potestas

123 2607 245 2673 officiat
279 2609 460 2674 ordinariae
493 2628 532 2676 ac
555 2610 757 2676 immediatae
779 2610 827 2676 illi
849 2611 1037 2693 episcopalis
1056 2609 1286 2693 jurisdictionis

122 2697 286 2778 potestati,
310 2714 373 2777 qua
394 2694 553 2778 Episcopi,
578 2698 631 2778 qui
653 2699 750 2779 positi
771 2718 792 2764 a
812 2697 935 2783 Spiritu
958 2700 1074 2764 Sancto
1097 2698 1129 2762 in
1151 2697 1287 2778 Aposto-

122 2785 228 2849 lorum
260 2782 364 2849 locum
398 2791 629 2864 successerunt,
664 2790 815 2867 tanquam
842 2787 911 2852 veri
932 2785 1082 2852 Pastores
1107 2786 1286 2867 assignatos

122 2871 186 2936 sibi
219 2888 349 2954 greges,
384 2871 500 2952 singuli
523 2872 682 2954 singulos,
716 2877 852 2955 pascunt
874 2880 907 2939 et
929 2879 1053 2957 regunt,
1074 2877 1111 2936 nt
1134 2872 1286 2938 eadema

123 2976 274 3039 supremo
297 2963 331 3024 et
353 2958 527 3024 universali
548 2959 682 3026 Pastore
704 2966 876 3043 asseratur,
900 2964 1069 3028 roboretur
1089 2979 1128 3026 ac
1150 2958 1285 3025 vindice-

122 3051 194 3124 tur,
230 3045 355 3112 dicente
388 3050 499 3112 saneto
521 3047 675 3130 Gregorio
708 3049 845 3132 Magno:
880 3048 976 3115 Meus
996 3050 1096 3114 houor
1118 3047 1286 3113 caticum

120 3133 322 3198 uniuersalis
344 3132 517 3199 Ecclesiae.
539 3133 636 3200 Meus
657 3136 759 3201 houor
782 3143 829 3202 cst
848 3137 993 3218 fratrum
1004 3154 1144 3217 uteorum
1160 3133 1286 3199 solidus

121 3221 223 3304 viper.
272 3220 352 3284 Tum
375 3241 431 3302 epo
453 3243 523 3287 ecre
544 3221 719 3289 honoratus
740 3244 825 3303 sum,
853 3244 925 3289 euru
946 3223 1086 3307 siugulis
1110 3222 1286 3305 quibusque

122 3308 226 3372 bonor
248 3307 370 3373 debitus
391 3329 456 3373 uou
478 3314 625 3391 uagatur.
654 3313 678 3395 ¹)
1315 3378 1321 3382 .

230 3394 329 3461 Porro
353 3414 392 3461 ex
416 3414 564 3477 suprema
586 3396 641 3462 illa
653 3399 786 3464 Romani
801 3396 965 3466 Pontificis
988 3401 1148 3482 potestate
1171 3397 1287 3477 guber-

120 3481 222 3547 nandi
244 3483 427 3548 universam
448 3482 625 3550 Ecclesiam
638 3485 690 3566 jus
706 3486 808 3552 eidem
825 3505 896 3554 esse
912 3486 1125 3568 consequitur,
1142 3485 1176 3549 in
1190 3482 1285 3566 hujus

121 3571 174 3634 sui
207 3571 348 3635 muneris
381 3572 531 3637 exercitio
560 3571 658 3639 libere
681 3575 931 3641 communicandi
954 3571 1230 3656 compastoribus
1253 3576 1286 3637 et

121 3657 275 3740 gregibus
297 3658 395 3724 totius
417 3658 590 3740 Ecclesiae,
613 3665 650 3726 ut
671 3659 766 3727 iidem
788 3662 830 3728 ab
852 3662 920 3744 ipso
936 3662 970 3727 in
984 3662 1037 3727 via
1051 3660 1163 3727 salutis
1179 3659 1285 3725 doceri

121 3763 162 3810 ac
186 3744 254 3826 regi
276 3745 407 3828 possint.
437 3737 543 3824 Quare
566 3746 753 3815 damnamus
776 3767 814 3814 ac
836 3751 1042 3832 reprobamus
1064 3748 1191 3815 illorum
1213 3763 1286 3816 seu-

122 3832 251 3913 tentias,
275 3833 329 3914 qui
351 3832 433 3899 hane
455 3835 595 3916 supremi
628 3836 740 3919 capitis
775 3855 845 3903 cum
876 3836 1057 3919 pastoribus
1080 3841 1114 3902 et
1135 3833 1285 3917 gregibus

123 3919 442 3986 communicationem
462 3920 548 3988 licite
569 3922 715 4005 impediri
737 3942 831 4006 posse
854 3923 972 4004 dicunt,
995 3929 1052 3990 aut
1069 3919 1285 3988 eandemred-

124 4007 206 4070 dunt
228 4008 385 4073 saeculari
408 4010 557 4089 potestati
581 4009 756 4090 obnoxiam,
780 4013 826 4076 ita
848 4017 884 4077 ut
908 4011 1113 4090 contendant,
1138 4026 1220 4089 quae
1243 4008 1284 4072 ab

124 4093 308 4175 Apostolica
331 4093 414 4161 Sede
436 4096 486 4161 vel
510 4097 576 4178 ejus
600 4098 789 4165 auctoritate
813 4099 855 4164 ad
876 4099 1017 4181 regimen
1033 4097 1194 4164 Ecclesiae
1210 4113 1284 4162 con-

126 4237 144 4242 .-
150 4236 334 4243 w*—

233 4287 255 4354 1)
276 4283 302 4338 S.
321 4285 438 4354 Gregor.
456 4287 495 4344 M.
513 4287 548 4342 ad
567 4288 665 4356 Eulog.
686 4288 865 4346 alexandrin.
883 4288 901 4346 l.
919 4289 996 4344 Vill.
1016 4304 1058 4357 ep.
1079 4287 1162 4341 XXX.
