2946 4942
635 114 674 160 ms
697 100 878 163 nrscrmmn'.
1273 96 1336 164 169

178 287 230 352 Dc
254 283 451 353 adducendis
471 286 520 352 uel
535 286 724 352 reducendis
747 289 791 352 ad
809 289 906 370 fidem
922 293 952 354 ct
972 290 1127 354 anamim
1150 289 1337 355 catholicum

416 391 607 472 infidelibus,
631 393 844 459 schismaticis
867 399 896 458 a
917 393 1093 460 iracccticis.

286 535 368 597 Dum
391 532 603 597 celebrabitur
625 533 683 597 hoc
707 533 858 614 generale
873 534 1061 598 Vaticanum
1078 531 1261 612 Concilium,
1285 552 1337 598 ex-

174 627 249 685 tant
270 621 304 683 in
327 619 404 683 orbe
425 623 582 684 terrarum
598 625 842 699 1,200,000,000
866 621 992 687 circiter
1014 620 1183 697 hominum,
1207 639 1246 685 cx
1268 620 1337 702 qui·

168 709 235 773 bus
251 706 325 788 plns
340 725 436 787 quam
449 712 665 785 800,ooo‚000
679 707 782 772 adhuc
797 709 830 771 in
846 709 986 774 tenebris
1001 706 1198 772 infidelitatis
1222 707 1336 774 misere

161 796 291 877 jacent,
316 798 508 872 70,000,000
531 795 571 859 ab
587 793 748 859 Ecclesiae
771 795 841 860 sinu
864 796 1034 860 schismate
1049 814 1164 876 graeco
1187 813 1337 876 separan-

164 888 251 962 tur;
292 886 490 958 ·90‚ooo,000
530 883 562 945 in
606 883 700 947 variis
739 884 966 961 potestantium
1004 885 1098 948 sectis
1140 883 1335 962 dividuntur;

165 974 396 1048 200,000,000
410 975 484 1032 sunt
506 969 662 1047 catholici,
686 971 761 1034 boni
777 970 828 1034 vel
850 971 934 1049 mali,
959 988 1037 1051 quos
1052 972 1134 1034 inter
1157 972 1183 1034 si
1199 975 1337 1051 quantus

159 1058 216 1121 sit
241 1055 472 1121 incredulorum
497 1062 530 1120 et
552 1055 795 1121 indifferentium
823 1075 972 1122 numerus
995 1063 1173 1138 quaeratur,
1210 1075 1337 1138 respon-

156 1145 334 1208 dendum:
358 1142 482 1207 facilius
506 1162 576 1208 esse
599 1163 652 1209 eos
675 1145 792 1226 plangi,
816 1163 910 1227 quam
934 1146 1110 1209 numerari!

283 1249 320 1312 ln
342 1247 400 1311 tali
431 1266 524 1328 porro
555 1247 683 1311 humani
707 1249 831 1330 generis
866 1253 961 1327 statu,
996 1267 1087 1313 nemo
1118 1254 1168 1313 est
1197 1249 1337 1329 quinon

155 1335 284 1400 videat
306 1353 403 1399 unum
427 1353 443 1398 e
467 1335 585 1417 primis,
618 1337 807 1416 praecipuis,
842 1337 1122 1417 intentissimisque
1145 1337 1338 1401 sacrosancti

154 1424 268 1488 istius
293 1420 426 1486 Concilii
448 1421 564 1487 studiis
588 1441 658 1487 esse
681 1424 811 1486 debere:

289 1533 318 1590 1⁰
351 1527 395 1592 Ut
417 1529 625 1608 inquirantur,
660 1529 860 1592 inveniantur
887 1535 919 1593 ot
950 1529 1147 1609 applicentur
1174 1529 1338 1609 aptissima

151 1632 321 1696 quaeque
344 1615 457 1692 media,
493 1615 615 1695 quibua,
652 1615 711 1679 Dei
742 1617 873 1697 juvante
902 1617 1015 1697 gratia,
1049 1620 1141 1680 tanta
1169 1614 1336 1679 multitudo

151 1702 347 1779 hominum,
372 1703 599 1783 pretiosissimo
624 1701 741 1766 Christi
764 1704 916 1782 sanguine
939 1704 1181 1784 redemptorum,
1206 1703 1246 1766 ab
1269 1701 1338 1766 infi-

150 1789 319 1854 delitatis
350 1797 383 1855 et
415 1791 531 1854 erroris
563 1789 681 1854 umbris
711 1790 752 1854 ad
776 1809 888 1871 purum
920 1792 1063 1855 veritatis
1091 1789 1195 1854 lumen
1224 1791 1337 1854 adduci

149 1877 313 1959 possint,

286 1985 317 2044 2⁰
353 1981 395 2046 Ut
420 1982 591 2061 prudenter
615 1982 771 2046 devitetur
794 1982 955 2063 quidquid,
980 1984 1100 2063 absque
1122 2000 1264 2047 summae
1286 2001 1340 2047 ne-

149 2069 338 2134 cessitatis
361 2068 528 2146 evidentia,
552 2087 635 2132 nova
662 2069 826 2133 obstacula
849 2074 913 2133 tam
930 2075 1039 2134 sancto
1062 2069 1134 2133 huic
1156 2071 1244 2150 operi
1266 2087 1340 2135 con-

154 2156 334 2221 versionis
357 2164 391 2220 et
407 2155 599 2220 reductionis
614 2155 783 2220 infidelium
800 2162 832 2220 et
847 2156 1093 2221 acatholicorum
1110 2158 1338 2238 interponerct;

288 2265 320 2324 3⁰
342 2261 394 2338 Ut,
419 2260 513 2324 salvis
537 2266 569 2325 et
591 2261 625 2324 in
646 2262 771 2342 integro
788 2261 987 2325 manentibus
1012 2262 1112 2325 sacris
1129 2260 1338 2341 dogmatibus

151 2365 300 2414 luorum
317 2348 488 2428 principiis
514 2355 546 2412 et
562 2349 721 2412 essentiali
745 2358 812 2412 tum
836 2349 1007 2414 christiana
1022 2353 1088 2411 tum
1112 2347 1251 2412 clericali
1274 2348 1337 2413 dis-

152 2435 304 2516 ciplina,
339 2434 474 2515 benigne
498 2442 531 2499 et
564 2436 765 2517 indulgenter
788 2438 979 2501 concedatur
1011 2435 1162 2523 quidquid
1194 2435 1233 2499 ad
1257 2435 1338 2500 chri·

150 2523 378 2587 stianitatem
401 2523 608 2600 venientibus,
633 2523 682 2585 vel
705 2524 745 2588 ad
769 2525 923 2588 unitatem
946 2524 1160 2600 redeuntibus,
1184 2523 1340 2604 evangelii

153 2617 207 2674 et
233 2608 372 2674 Sanctae
401 2608 564 2674 Ecclesiae
599 2612 714 2675 ostium
745 2611 841 2674 latius
873 2610 1057 2690 faciliusque
1090 2611 1213 2690 aperire
1244 2627 1338 2692 posse

152 2697 396 2778 perspicietur.

512 2888 563 2953 De
587 2889 788 2955 concessione
811 2888 999 2968 infidelium.

287 3027 463 3108 Nunquam,
488 3047 525 3091 ex
540 3047 601 3109 quo
625 3027 758 3093 fundata
781 3034 830 3092 est
845 3026 997 3107 Ecclesia,
1021 3030 1071 3092 via
1094 3028 1187 3092 latior
1210 3035 1242 3093 et
1265 3027 1339 3093 faci·

160 3111 238 3179 lior
262 3116 440 3195 ostiumque
463 3117 604 3196 apertius
621 3116 815 3180 conversioni
838 3113 1009 3180 infidelium
1032 3119 1141 3196 patere
1164 3117 1231 3181 visa
1254 3121 1336 3194 sunt,

157 3218 273 3282 quam
297 3202 394 3266 hacce
417 3208 522 3267 aetate
545 3208 662 3272 nostra,
692 3204 766 3266 dum
790 3221 853 3266 una
876 3202 969 3266 simul
992 3202 1032 3266 ad
1055 3203 1114 3268 hoc
1138 3208 1334 3282 concurrunt,

159 3302 243 3352 non
266 3289 334 3352 sine
365 3308 479 3370 magno
509 3296 542 3353 ct
565 3291 703 3354 evidenti
735 3290 859 3355 divinae
884 3290 1105 3354 Providentiae
1133 3290 1270 3370 consilio,
1303 3293 1338 3355 et

160 3377 338 3457 stupenda
352 3376 521 3441 itinerandi
536 3377 697 3459 rapiditaS,
722 3384 755 3440 et
779 3378 926 3442 continua
942 3376 1128 3457 populorum
1144 3378 1194 3441 vel
1218 3378 1338 3442 distan-

162 3464 373 3528 tissimorum
397 3466 591 3541 commercia,
614 3483 672 3545 per
686 3483 768 3545 quae
784 3465 947 3529 christiani
968 3462 1146 3529 infidelibus
1162 3465 1339 3530 admiscen-

162 3553 240 3626 tur,
277 3555 310 3614 et
338 3551 454 3631 ubique
487 3570 559 3617 mox
588 3551 760 3616 stabilitum
789 3571 903 3616 novum
931 3552 1073 3632 gentium
1100 3553 1163 3633 ine,
1199 3552 1338 3616 libertati

163 3637 423 3718 praedicationis
447 3640 580 3703 maxime
601 3637 720 3703 favens.

286 3741 371 3807 Luce
394 3743 493 3824 igitur
516 3743 591 3808 solis
615 3743 730 3808 clarius
754 3749 802 3807 est
826 3742 988 3807 Ecclesiae
1012 3762 1096 3808 nunc
1119 3760 1245 3824 operam
1269 3759 1338 3808 esse

165 3834 222 3908 nt,
257 3847 340 3894 novo
369 3834 402 3893 et
432 3829 655 3895 ardentissimo
684 3831 760 3907 selo,
794 3830 867 3895 huic
895 3837 985 3895 tanto
1014 3830 1237 3911 propagandae
1264 3827 1339 3894 fidei

168 3910 282 3980 labori
305 3921 337 3981 et
359 3918 521 3997 operarios
554 3918 695 3995 advocet,
731 3924 764 3982 et
787 3917 939 3997 operandi
972 3918 1075 3981 media
1102 3917 1252 3998 legesque
1276 3918 1342 3982 dis-

168 4010 279 4082 ponat
301 4021 339 4069 ac
362 4009 491 4070 emtuat.
551 4006 599 4070 Ad
623 4023 716 4085 quern
747 4002 841 4069 finem
865 4004 1097 4083 assequendum
1119 4004 1198 4070 haec
1221 4005 1338 4070 condu-

176 4108 253 4155 cere
276 4108 370 4172 posse
392 4091 588 4157 viderentur:
1340 4126 1343 4133 ·
