2946 4942
157 323 213 383 80·
652 335 821 383 rosnacum

155 479 253 555 petua
274 475 464 554 assistentia,
488 475 622 555 ideoque
645 475 758 538 dixerit
781 474 914 538 Romani
938 473 1099 541 Pontificis
1123 474 1258 540 decreta
1280 475 1320 539 de

104 558 107 563 '
155 560 218 626 fide
249 569 281 627 et
307 563 448 628 moribus
471 580 533 626 uon
557 579 627 627 esse
650 563 690 626 ab
714 560 858 626 omnibus
881 559 1000 627 Christi
1022 560 1169 627 fidelibus
1191 563 1319 627 interno

156 650 271 714 mentis
294 667 426 716 assensu
447 649 654 730 suscipienda,
680 648 849 713 anathema
872 649 923 714 sit.

261 771 381 836 Romae
405 771 455 835 die
480 776 530 835 13.
555 770 702 836 ianuarii
730 775 824 835 1870.

681 907 838 990 Josephus
861 908 1104 993 Pupp-smogyi

527 998 701 1078 Episcopus
724 996 1081 1077 Magno-Varadinensis
1104 995 1214 1078 graeci
1236 997 1324 1064 ritus

612 1083 836 1149 catholicorum
858 1085 892 1147 in
914 1101 1012 1165 regno
1034 1083 1227 1165 Hungariae.

630 1331 749 1338 ...m-..-
754 1331 815 1336 ...m-.-r
830 1333 838 1337 .

509 1520 763 1603 Eminentissirne
786 1520 952 1604 Princepst

258 1641 453 1724 Infrascripti
475 1643 586 1707 Patres
609 1643 698 1707 enixe
721 1649 753 1707 et
775 1641 938 1709 humiliter
951 1647 1064 1724 petunt
1078 1644 1117 1707 ab
1133 1643 1321 1709 Eminentia

154 1732 286 1807 Vestra,
323 1737 474 1810 tanquam
498 1729 647 1794 Praeside
681 1728 961 1812 ,congregationis
982 1729 1151 1811 peculiaris
1175 1749 1195 1794 a
1216 1728 1319 1796 SSmo

155 1818 287 1882 Domino
311 1815 429 1881 Nostro
452 1816 508 1881 Pio
532 1816 620 1898 Papa
642 1817 695 1881 IX.
722 1817 893 1898 deputatae
917 1835 973 1900 pro
996 1817 1183 1899 recipiendis
1206 1822 1240 1882 et
1263 1835 1319 1883 ex·

154 1904 327 1985 pendendis
357 1904 488 1968 Patrum
521 1905 826 1985 propositionibus“,
859 1910 911 1985 ut,
945 1910 1089 1986 tempore
1122 1908 1318 1988 opportuno,

154 1991 241 2055 Eritis
264 1998 297 2056 et
319 1991 406 2056 Rriris
429 1990 579 2056 Patribus
603 1990 703 2056 dictae
728 1989 1000 2075 Congregationis,
1017 1991 1143 2057 schema
1158 2009 1323 2056 annexum

158 2078 237 2158 ,Pro
260 2074 484 2145 infallibilitate
505 2078 640 2142 Romani
662 2077 824 2145 Pontificis
847 2098 884 2144 ex
907 2080 1068 2161 principiis
1094 2079 1162 2161 jam
1186 2077 1226 2144 ab
1255 2080 1318 2145 Ec-

155 2165 252 2316 illem
283 2164 454 2230 universali
477 2165 614 2246 receptis
637 2166 738 2249 logice
761 2166 908 2247 clareque
932 2165 1139 2245 definienda“,
1164 2165 1319 2232 exhibere

177 2253 310 2333 ignetur.
1135 2277 1143 2283 ·

183 2342 185 2346 ’
259 2338 338 2404 Cum
370 2340 512 2404 rationes
546 2340 585 2405 ob
609 2359 687 2421 quas
709 2343 754 2406 ita
776 2340 956 2406 faciendum
977 2340 1221 2421 judicaverimus
1244 2339 1319 2422 ipso

154 2426 307 2492 schemati
340 2427 481 2493 adnexae
506 2429 722 2509 inveniantur,
760 2429 837 2493 nihil
864 2428 949 2492 aliud
982 2431 1127 2510 superest
1159 2443 1256 2507 quam
1279 2434 1324 2491 nt.

154 2514 450 2595 obsequentissimus
485 2517 581 2579 animi
610 2517 710 2580 nostri
738 2534 848 2581 seusus
872 2534 949 2598 erga
971 2514 1027 2593 Te,
1058 2513 1323 2580 Eminentissime

153 2601 314 2683 Princeps,
337 2602 452 2665 itemm
475 2601 688 2682 profiteamur.

258 2721 457 2786 Eminentiae
480 2722 567 2788 Tuae
589 2723 688 2790 Rrirae
709 2743 748 2789 ac
770 2724 881 2788 lllmae

559 2845 655 2910 Humi
677 2839 803 2910 Famuli'
823 2853 856 2911 et
879 2845 1008 2910 Fratres
1030 2845 1063 2909 in
1087 2844 1226 2915 Christo.

209 2964 295 3066 Haic
311 2965 523 3046 postuletioai
544 2967 802 3048 subscripserant
824 2968 961 3050 quiaque
985 2966 1121 3033 Otacilii
1144 2967 1274 3036 Patres.

183 3295 355 3361 SCHEMA
378 3296 459 3363 PRO
483 3297 847 3365 INFALLIBILITATE
870 3297 1037 3363 ROMANI
1057 3297 1298 3368 PONTIFICIS

281 3440 319 3482 ea
342 3417 525 3500 Principiis
542 3422 614 3501 jam
637 3422 676 3485 ab
700 3420 853 3486 Ecclesia
871 3422 1025 3487 aaioerso
1047 3422 1184 3502 receptis

493 3525 592 3608 topice
615 3526 760 3608 clareque
784 3525 973 3606 deficienda.

257 3698 300 3762 la
335 3700 403 3778 ipso
430 3698 542 3779 Oopite
579 3700 616 3762 de
637 3699 783 3764 Romnae
807 3699 975 3782 Poatifiee,
1011 3700 1173 3765 domantia
1203 3701 1318 3780 ariao

153 3785 218 3850 loco
242 3803 333 3849 error
341 3785 405 3847 'eus
428 3791 540 3850 coatre
562 3788 631 3867 ejus
654 3786 843 3865 Primetam,
866 3787 941 3851 iaec
964 3787 1012 3851 oei
1034 3787 1166 3865 sirailio,
1189 3787 1220 3851 si
1236 3787 1320 3867 plo*

153 3876 227 3950 reat,
252 3870 307 3954 adp
354 3871 391 3953 pi
407 3879 581 3952 poteraat:

260 3966 287 4023 1.
324 3956 459 4024 Omnino
482 3959 690 4041 reprobamus
714 3978 823 4025 corum
845 3961 1067 4040 temeritatem,
1083 3960 1138 4041 qui
1154 3979 1173 4025 a
1192 3959 1319 4029 Summi

152 4044 313 4196 fortificils
343 4044 505 4127 Supremis
524 4046 652 4129 judiciis
674 4047 716 4112 ad
739 4045 911 4112 Concilium
935 4047 1177 4113 oecumenicum
1204 4048 1314 4130 appel·

165 4149 220 4197 are
243 4151 284 4196 au
307 4136 370 4198 ent.

260 4223 288 4282 2.
322 4211 444 4285 Deinde
482 4239 611 4302 prorsus
643 4221 828 4286 damnamus
854 4240 1023 4302 perversas
1051 4239 1162 4287 eorum
1184 4221 1314 4288 cavillu-

152 4306 272 4386 tiones,
306 4306 361 4384 qui
394 4307 498 4371 dicare
526 4308 646 4373 audent
677 4311 841 4373 externum
868 4309 995 4387 quidem
1019 4309 1225 4390 obsequium,
1248 4327 1316 4378 nou
