<?xml version="1.0" encoding="UTF-8"?>
<!DOCTYPE html PUBLIC "-//W3C//DTD XHTML 1.0 Transitional//EN"
    "http://www.w3.org/TR/xhtml1/DTD/xhtml1-transitional.dtd">
<html xmlns="http://www.w3.org/1999/xhtml" xml:lang="en" lang="en">
 <head>
  <title>
</title>
<meta http-equiv="Content-Type" content="text/html;charset=utf-8" />
  <meta name='ocr-system' content='tesseract 3.04.00' />
  <meta name='ocr-capabilities' content='ocr_page ocr_carea ocr_par ocr_line ocrx_word'/>
</head>
<body>
  <div class='ocr_page' id='page_1' title='image "./omniumconciliiv01martgoog_0178.png"; bbox 0 0 2954 4936; ppageno 0'>
   <div class='ocr_carea' id='block_1_1' title="bbox 651 326 1351 390">
    <p class='ocr_par' dir='ltr' id='par_1_1' title="bbox 651 326 1351 390">
     <span class='ocr_line' id='line_1_1' title="bbox 651 326 1351 390; baseline 0.004 -5"><span class='ocrx_word' id='word_1_1' title='bbox 651 340 690 386; x_wconf 86' lang='lat' dir='ltr'>on</span> <span class='ocrx_word' id='word_1_2' title='bbox 713 340 892 390; x_wconf 82' lang='grc' dir='ltr'><strong>ιιιιιιιιιι.</strong></span> <span class='ocrx_word' id='word_1_3' title='bbox 1286 326 1351 389; x_wconf 82' lang='grc'><strong>1-73</strong></span> 
     </span>
    </p>
   </div>
   <div class='ocr_carea' id='block_1_2' title="bbox 184 474 1353 2131">
    <p class='ocr_par' dir='ltr' id='par_1_2' title="bbox 186 474 1353 1260">
     <span class='ocr_line' id='line_1_2' title="bbox 192 474 1353 561; baseline 0.004 -21"><span class='ocrx_word' id='word_1_4' title='bbox 192 474 326 541; x_wconf 76' lang='lat' dir='ltr'>fratrum</span> <span class='ocrx_word' id='word_1_5' title='bbox 342 483 523 543; x_wconf 89' lang='lat' dir='ltr'>nostrorum</span> <span class='ocrx_word' id='word_1_6' title='bbox 546 485 763 560; x_wconf 88' lang='lat' dir='ltr'>separatorum</span> <span class='ocrx_word' id='word_1_7' title='bbox 779 478 966 559; x_wconf 79' lang='lat' dir='ltr'>allaborant,</span> <span class='ocrx_word' id='word_1_8' title='bbox 989 481 1038 544; x_wconf 89' lang='lat' dir='ltr'>vel</span> <span class='ocrx_word' id='word_1_9' title='bbox 1061 479 1236 555; x_wconf 82' lang='lat' dir='ltr'><strong>allaborare</strong></span> <span class='ocrx_word' id='word_1_10' title='bbox 1259 486 1353 561; x_wconf 79' lang='lat' dir='ltr'>pote·</span> 
     </span>
     <span class='ocr_line' id='line_1_3' title="bbox 191 564 1352 648; baseline 0.004 -20"><span class='ocrx_word' id='word_1_11' title='bbox 191 568 275 631; x_wconf 86' lang='lat' dir='ltr'>runt.</span> <span class='ocrx_word' id='word_1_12' title='bbox 321 564 421 648; x_wconf 71' lang='lat' dir='ltr'>(lupis</span> <span class='ocrx_word' id='word_1_13' title='bbox 442 565 584 646; x_wconf 89' lang='lat' dir='ltr'>profecto</span> <span class='ocrx_word' id='word_1_14' title='bbox 607 566 787 631; x_wconf 80' lang='lat' dir='ltr'>directionis</span> <span class='ocrx_word' id='word_1_15' title='bbox 809 565 860 630; x_wconf 91' lang='lat' dir='ltr'>hie</span> <span class='ocrx_word' id='word_1_16' title='bbox 882 572 967 637; x_wconf 87' lang='lat' dir='ltr'>esset</span> <span class='ocrx_word' id='word_1_17' title='bbox 989 567 1093 646; x_wconf 91' lang='lat' dir='ltr'>cardo,</span> <span class='ocrx_word' id='word_1_18' title='bbox 1118 571 1153 633; x_wconf 91' lang='grc' dir='ltr'>ιι</span> <span class='ocrx_word' id='word_1_19' title='bbox 1176 585 1254 648; x_wconf 90' lang='lat' dir='ltr'>erga</span> <span class='ocrx_word' id='word_1_20' title='bbox 1276 585 1352 633; x_wconf 85' lang='lat' dir='ltr'>aea·-</span> 
     </span>
     <span class='ocr_line' id='line_1_4' title="bbox 190 650 1347 736; baseline 0.003 -22"><span class='ocrx_word' id='word_1_21' title='bbox 190 650 335 732; x_wconf 86' lang='grc' dir='ltr'><strong>ιιιιιιιοι,</strong></span> <span class='ocrx_word' id='word_1_22' title='bbox 369 653 485 734; x_wconf 90' lang='lat' dir='ltr'>quide</span> <span class='ocrx_word' id='word_1_23' title='bbox 516 653 621 718; x_wconf 90' lang='lat' dir='ltr'>reditu</span> <span class='ocrx_word' id='word_1_24' title='bbox 652 654 694 716; x_wconf 91' lang='lat' dir='ltr'>ad</span> <span class='ocrx_word' id='word_1_25' title='bbox 716 652 880 718; x_wconf 81' lang='lat' dir='ltr'>Ecclesiae</span> <span class='ocrx_word' id='word_1_26' title='bbox 906 655 1060 736; x_wconf 91' lang='lat' dir='ltr'>gremium</span> <span class='ocrx_word' id='word_1_27' title='bbox 1089 655 1174 736; x_wconf 84' lang='lat' dir='ltr'>cogit</span> <span class='ocrx_word' id='word_1_28' title='bbox 1176 661 1240 732; x_wconf 86' lang='lat' dir='ltr'>ant,</span> <span class='ocrx_word' id='word_1_29' title='bbox 1277 674 1347 719; x_wconf 93' lang='lat' dir='ltr'>cum</span> 
     </span>
     <span class='ocr_line' id='line_1_5' title="bbox 191 739 1348 824; baseline 0.003 -21"><span class='ocrx_word' id='word_1_30' title='bbox 191 739 327 819; x_wconf 84' lang='lat' dir='ltr'>maxima</span> <span class='ocrx_word' id='word_1_31' title='bbox 350 741 515 820; x_wconf 71' lang='lat' dir='ltr'>charitate</span> <span class='ocrx_word' id='word_1_32' title='bbox 548 740 753 823; x_wconf 87' lang='lat' dir='ltr'>indulgentia,</span> <span class='ocrx_word' id='word_1_33' title='bbox 789 743 850 804; x_wconf 93' lang='lat' dir='ltr'>imo</span> <span class='ocrx_word' id='word_1_34' title='bbox 874 747 907 806; x_wconf 95' lang='lat' dir='ltr'>et</span> <span class='ocrx_word' id='word_1_35' title='bbox 928 743 1105 806; x_wconf 90' lang='lat' dir='ltr'>reverentia</span> <span class='ocrx_word' id='word_1_36' title='bbox 1127 759 1251 823; x_wconf 85' lang='lat' dir='ltr'>semper</span> <span class='ocrx_word' id='word_1_37' title='bbox 1273 761 1348 824; x_wconf 91' lang='lat' dir='ltr'>age·</span> 
     </span>
     <span class='ocr_line' id='line_1_6' title="bbox 190 814 1346 931; baseline 0.002 -41"><span class='ocrx_word' id='word_1_38' title='bbox 190 814 288 907; x_wconf 78' lang='lat' dir='ltr'>retur,</span> <span class='ocrx_word' id='word_1_39' title='bbox 323 845 382 892; x_wconf 91' lang='lat' dir='ltr'>nec</span> <span class='ocrx_word' id='word_1_40' title='bbox 405 828 444 892; x_wconf 90' lang='lat' dir='ltr'>ab</span> <span class='ocrx_word' id='word_1_41' title='bbox 472 828 518 892; x_wconf 87' lang='lat' dir='ltr'>eis</span> <span class='ocrx_word' id='word_1_42' title='bbox 541 846 681 909; x_wconf 88' lang='lat' dir='ltr'>unquam</span> <span class='ocrx_word' id='word_1_43' title='bbox 710 829 829 910; x_wconf 92' lang='lat' dir='ltr'>aliquid</span> <span class='ocrx_word' id='word_1_44' title='bbox 860 830 985 910; x_wconf 83' lang='lat' dir='ltr'>exigere</span> <span class='ocrx_word' id='word_1_45' title='bbox 1018 828 1099 892; x_wconf 90' lang='lat' dir='ltr'>ullus</span> <span class='ocrx_word' id='word_1_46' title='bbox 1131 839 1346 931; x_wconf 83' lang='lat' dir='ltr'>praesumeret</span> 
     </span>
     <span class='ocr_line' id='line_1_7' title="bbox 186 908 1346 997; baseline 0.001 -19"><span class='ocrx_word' id='word_1_47' title='bbox 186 908 320 997; x_wconf 75' lang='lat' dir='ltr'>praeter</span> <span class='ocrx_word' id='word_1_48' title='bbox 343 933 381 980; x_wconf 89' lang='lat' dir='ltr'>ea</span> <span class='ocrx_word' id='word_1_49' title='bbox 408 932 488 995; x_wconf 88' lang='lat' dir='ltr'>quae</span> <span class='ocrx_word' id='word_1_50' title='bbox 517 916 695 980; x_wconf 88' lang='lat' dir='ltr'>necessaria</span> <span class='ocrx_word' id='word_1_51' title='bbox 724 920 804 994; x_wconf 90' lang='lat' dir='ltr'>sunt,</span> <span class='ocrx_word' id='word_1_52' title='bbox 841 921 877 979; x_wconf 93' lang='lat' dir='ltr'>ut</span> <span class='ocrx_word' id='word_1_53' title='bbox 904 934 976 980; x_wconf 86' lang='lat' dir='ltr'>vere</span> <span class='ocrx_word' id='word_1_54' title='bbox 1007 919 1039 979; x_wconf 92' lang='lat' dir='ltr'>in</span> <span class='ocrx_word' id='word_1_55' title='bbox 1068 914 1195 980; x_wconf 90' lang='lat' dir='ltr'>iideet</span> <span class='ocrx_word' id='word_1_56' title='bbox 1181 917 1280 980; x_wconf 91' lang='lat' dir='ltr'>tuni</span> <span class='ocrx_word' id='word_1_57' title='bbox 1280 922 1346 980; x_wconf 89' lang='lat' dir='ltr'>tate</span> 
     </span>
     <span class='ocr_line' id='line_1_8' title="bbox 185 1001 1347 1083; baseline 0.001 -16.005"><span class='ocrx_word' id='word_1_58' title='bbox 185 1006 244 1067; x_wconf 90' lang='lat' dir='ltr'>cta</span> <span class='ocrx_word' id='word_1_59' title='bbox 230 1001 347 1067; x_wconf 90' lang='lat' dir='ltr'>tholica</span> <span class='ocrx_word' id='word_1_60' title='bbox 376 1003 446 1083; x_wconf 90' lang='lat' dir='ltr'>quis</span> <span class='ocrx_word' id='word_1_61' title='bbox 477 1003 611 1068; x_wconf 83' lang='grc' dir='ltr'><strong>ιιιιιιι·</strong></span> <span class='ocrx_word' id='word_1_62' title='bbox 646 1004 691 1068; x_wconf 86' lang='grc' dir='ltr'>ιιι</span> <span class='ocrx_word' id='word_1_63' title='bbox 721 1003 805 1067; x_wconf 93' lang='lat' dir='ltr'>enim</span> <span class='ocrx_word' id='word_1_64' title='bbox 835 1002 942 1068; x_wconf 85' lang='lat' dir='ltr'>forsan</span> <span class='ocrx_word' id='word_1_65' title='bbox 974 1005 1114 1068; x_wconf 84' lang='lat' dir='ltr'>eveniret</span> <span class='ocrx_word' id='word_1_66' title='bbox 1146 1010 1181 1067; x_wconf 93' lang='lat' dir='ltr'>ut</span> <span class='ocrx_word' id='word_1_67' title='bbox 1206 1003 1347 1068; x_wconf 90' lang='lat' dir='ltr'>redirent</span> 
     </span>
     <span class='ocr_line' id='line_1_9' title="bbox 186 1089 1347 1172; baseline 0.002 -19"><span class='ocrx_word' id='word_1_68' title='bbox 186 1089 290 1171; x_wconf 91' lang='lat' dir='ltr'>multi,</span> <span class='ocrx_word' id='word_1_69' title='bbox 324 1095 357 1154; x_wconf 93' lang='lat' dir='ltr'>et</span> <span class='ocrx_word' id='word_1_70' title='bbox 343 1090 547 1154; x_wconf 86' lang='lat' dir='ltr'>treduces</span> <span class='ocrx_word' id='word_1_71' title='bbox 538 1091 598 1171; x_wconf 82' lang='lat' dir='ltr'>ipsi</span> <span class='ocrx_word' id='word_1_72' title='bbox 629 1091 707 1154; x_wconf 90' lang='lat' dir='ltr'>alios</span> <span class='ocrx_word' id='word_1_73' title='bbox 730 1091 928 1170; x_wconf 84' lang='lat' dir='ltr'>reducerent,</span> <span class='ocrx_word' id='word_1_74' title='bbox 965 1091 1168 1171; x_wconf 86' lang='lat' dir='ltr'>subindeque,</span> <span class='ocrx_word' id='word_1_75' title='bbox 1202 1098 1275 1172; x_wconf 91' lang='lat' dir='ltr'>post</span> <span class='ocrx_word' id='word_1_76' title='bbox 1297 1110 1347 1155; x_wconf 91' lang='lat' dir='ltr'>re·</span> 
     </span>
     <span class='ocr_line' id='line_1_10' title="bbox 190 1175 1349 1278; baseline 0.002 -38"><span class='ocrx_word' id='word_1_77' title='bbox 190 1176 300 1258; x_wconf 87' lang='lat' dir='ltr'>ditum,</span> <span class='ocrx_word' id='word_1_78' title='bbox 324 1176 434 1260; x_wconf 89' lang='lat' dir='ltr'>paulat</span> <span class='ocrx_word' id='word_1_79' title='bbox 420 1177 477 1240; x_wconf 93' lang='lat' dir='ltr'>tim</span> <span class='ocrx_word' id='word_1_80' title='bbox 500 1177 541 1241; x_wconf 89' lang='lat' dir='ltr'>ad</span> <span class='ocrx_word' id='word_1_81' title='bbox 563 1175 685 1278; x_wconf 83' lang='lat' dir='ltr'>perfect</span> <span class='ocrx_word' id='word_1_82' title='bbox 672 1179 764 1256; x_wconf 87' lang='lat' dir='ltr'>t,iora</span> <span class='ocrx_word' id='word_1_83' title='bbox 789 1179 893 1258; x_wconf 90' lang='lat' dir='ltr'>gratia</span> <span class='ocrx_word' id='word_1_84' title='bbox 916 1178 1110 1255; x_wconf 74' lang='lat' dir='ltr'>sublevante</span> <span class='ocrx_word' id='word_1_85' title='bbox 1069 1184 1349 1257; x_wconf 84' lang='lat' dir='ltr'>tassurgerent</span> 
     </span>
    </p>

    <p class='ocr_par' dir='ltr' id='par_1_3' title="bbox 186 1262 1351 2131">
     <span class='ocr_line' id='line_1_11' title="bbox 307 1262 1347 1347; baseline 0.003 -20"><span class='ocrx_word' id='word_1_86' title='bbox 307 1262 354 1328; x_wconf 83' lang='lat' dir='ltr'>Eo</span> <span class='ocrx_word' id='word_1_87' title='bbox 389 1282 462 1328; x_wconf 89' lang='lat' dir='ltr'>vero</span> <span class='ocrx_word' id='word_1_88' title='bbox 498 1266 599 1346; x_wconf 86' lang='lat' dir='ltr'>magis</span> <span class='ocrx_word' id='word_1_89' title='bbox 633 1271 844 1346; x_wconf 89' lang='lat' dir='ltr'>opportunum</span> <span class='ocrx_word' id='word_1_90' title='bbox 879 1267 1152 1346; x_wconf 86' lang='lat' dir='ltr'>necessariumque</span> <span class='ocrx_word' id='word_1_91' title='bbox 1187 1267 1347 1347; x_wconf 88' lang='lat' dir='ltr'>praesenti</span> 
     </span>
     <span class='ocr_line' id='line_1_12' title="bbox 189 1349 1349 1432; baseline -0.004 -17"><span class='ocrx_word' id='word_1_92' title='bbox 189 1358 334 1432; x_wconf 92' lang='lat' dir='ltr'>tempore</span> <span class='ocrx_word' id='word_1_93' title='bbox 356 1350 491 1431; x_wconf 75' lang='lat' dir='ltr'>foratu</span> <span class='ocrx_word' id='word_1_94' title='bbox 493 1349 703 1417; x_wconf 85' lang='lat' dir='ltr'>tGoncilium</span> <span class='ocrx_word' id='word_1_95' title='bbox 727 1358 778 1416; x_wconf 86' lang='lat' dir='ltr'>cat</span> <span class='ocrx_word' id='word_1_96' title='bbox 765 1352 897 1418; x_wconf 86' lang='lat' dir='ltr'>tholicos</span> <span class='ocrx_word' id='word_1_97' title='bbox 912 1353 1079 1417; x_wconf 85' lang='lat' dir='ltr'>vehement</span> <span class='ocrx_word' id='word_1_98' title='bbox 1067 1357 1114 1417; x_wconf 90' lang='lat' dir='ltr'>ter</span> <span class='ocrx_word' id='word_1_99' title='bbox 1137 1352 1178 1416; x_wconf 89' lang='lat' dir='ltr'>ad</span> <span class='ocrx_word' id='word_1_100' title='bbox 1201 1358 1349 1416; x_wconf 85' lang='lat' dir='ltr'>sanctum</span> 
     </span>
     <span class='ocr_line' id='line_1_13' title="bbox 188 1437 1351 1522; baseline 0.003 -22"><span class='ocrx_word' id='word_1_101' title='bbox 188 1437 248 1504; x_wconf 90' lang='lat' dir='ltr'>hoc</span> <span class='ocrx_word' id='word_1_102' title='bbox 270 1456 349 1520; x_wconf 91' lang='lat' dir='ltr'>opus</span> <span class='ocrx_word' id='word_1_103' title='bbox 372 1439 584 1503; x_wconf 85' lang='lat' dir='ltr'>conversionis</span> <span class='ocrx_word' id='word_1_104' title='bbox 607 1445 737 1522; x_wconf 89' lang='lat' dir='ltr'>separat</span> <span class='ocrx_word' id='word_1_105' title='bbox 738 1457 825 1503; x_wconf 92' lang='lat' dir='ltr'>orum</span> <span class='ocrx_word' id='word_1_106' title='bbox 842 1440 903 1504; x_wconf 88' lang='lat' dir='ltr'>frat</span> <span class='ocrx_word' id='word_1_107' title='bbox 891 1445 974 1504; x_wconf 88' lang='lat' dir='ltr'>trum</span> <span class='ocrx_word' id='word_1_108' title='bbox 997 1440 1227 1519; x_wconf 89' lang='lat' dir='ltr'>adhortaretur,</span> <span class='ocrx_word' id='word_1_109' title='bbox 1251 1445 1351 1522; x_wconf 88' lang='lat' dir='ltr'>atque</span> 
     </span>
     <span class='ocr_line' id='line_1_14' title="bbox 186 1523 1346 1608; baseline 0.004 -21"><span class='ocrx_word' id='word_1_110' title='bbox 186 1526 222 1589; x_wconf 89' lang='lat' dir='ltr'>in</span> <span class='ocrx_word' id='word_1_111' title='bbox 243 1523 303 1592; x_wconf 93' lang='lat' dir='ltr'>hoc</span> <span class='ocrx_word' id='word_1_112' title='bbox 325 1543 420 1607; x_wconf 90' lang='lat' dir='ltr'>opere</span> <span class='ocrx_word' id='word_1_113' title='bbox 441 1531 510 1590; x_wconf 89' lang='lat' dir='ltr'>ttan</span> <span class='ocrx_word' id='word_1_114' title='bbox 512 1527 523 1590; x_wconf 94' lang='lat' dir='ltr'>i</span> <span class='ocrx_word' id='word_1_115' title='bbox 537 1527 633 1606; x_wconf 90' lang='lat' dir='ltr'>pretii</span> <span class='ocrx_word' id='word_1_116' title='bbox 657 1527 805 1592; x_wconf 91' lang='lat' dir='ltr'>ducatum</span> <span class='ocrx_word' id='word_1_117' title='bbox 822 1529 867 1592; x_wconf 92' lang='grc' dir='ltr'>ιιι</span> <span class='ocrx_word' id='word_1_118' title='bbox 891 1533 922 1592; x_wconf 89' lang='grc' dir='ltr'>ιι</span> <span class='ocrx_word' id='word_1_119' title='bbox 945 1527 1050 1592; x_wconf 87' lang='lat' dir='ltr'>lumen</span> <span class='ocrx_word' id='word_1_120' title='bbox 1065 1528 1239 1608; x_wconf 89' lang='lat' dir='ltr'>praeberet,</span> <span class='ocrx_word' id='word_1_121' title='bbox 1262 1527 1346 1608; x_wconf 87' lang='lat' dir='ltr'>quod</span> 
     </span>
     <span class='ocr_line' id='line_1_15' title="bbox 186 1613 1346 1716; baseline 0.002 -40"><span class='ocrx_word' id='word_1_122' title='bbox 186 1630 280 1693; x_wconf 92' lang='lat' dir='ltr'>nunc,</span> <span class='ocrx_word' id='word_1_123' title='bbox 313 1613 346 1677; x_wconf 92' lang='lat' dir='ltr'>in</span> <span class='ocrx_word' id='word_1_124' title='bbox 368 1614 618 1678; x_wconf 90' lang='lat' dir='ltr'>rationalismnm</span> <span class='ocrx_word' id='word_1_125' title='bbox 644 1621 676 1678; x_wconf 91' lang='lat' dir='ltr'>et</span> <span class='ocrx_word' id='word_1_126' title='bbox 706 1615 959 1679; x_wconf 90' lang='lat' dir='ltr'>incredulitatem</span> <span class='ocrx_word' id='word_1_127' title='bbox 982 1614 1108 1679; x_wconf 89' lang='lat' dir='ltr'>labente</span> <span class='ocrx_word' id='word_1_128' title='bbox 1141 1615 1207 1695; x_wconf 90' lang='lat' dir='ltr'>jam</span> <span class='ocrx_word' id='word_1_129' title='bbox 1230 1616 1346 1716; x_wconf 85' lang='lat' dir='ltr'>ubique</span> 
     </span>
     <span class='ocr_line' id='line_1_16' title="bbox 184 1696 1345 1783; baseline -0.001 -17.997"><span class='ocrx_word' id='word_1_130' title='bbox 184 1696 376 1783; x_wconf 80' lang='lat' dir='ltr'>protestant</span> <span class='ocrx_word' id='word_1_131' title='bbox 368 1719 458 1781; x_wconf 84' lang='lat' dir='ltr'>ismo,</span> <span class='ocrx_word' id='word_1_132' title='bbox 494 1701 681 1782; x_wconf 89' lang='lat' dir='ltr'>quicumque</span> <span class='ocrx_word' id='word_1_133' title='bbox 715 1720 752 1765; x_wconf 85' lang='lat' dir='ltr'>ex</span> <span class='ocrx_word' id='word_1_134' title='bbox 786 1702 847 1766; x_wconf 91' lang='lat' dir='ltr'>illis</span> <span class='ocrx_word' id='word_1_135' title='bbox 883 1702 1019 1782; x_wconf 90' lang='lat' dir='ltr'>aliquem</span> <span class='ocrx_word' id='word_1_136' title='bbox 1051 1700 1121 1766; x_wconf 87' lang='lat' dir='ltr'>fidei</span> <span class='ocrx_word' id='word_1_137' title='bbox 1156 1702 1345 1782; x_wconf 84' lang='lat' dir='ltr'>pietatisque</span> 
     </span>
     <span class='ocr_line' id='line_1_17' title="bbox 187 1786 1344 1890; baseline 0 -37"><span class='ocrx_word' id='word_1_138' title='bbox 187 1786 379 1853; x_wconf 84' lang='lat' dir='ltr'>&#39;christianae</span> <span class='ocrx_word' id='word_1_139' title='bbox 412 1806 539 1853; x_wconf 90' lang='lat' dir='ltr'>sensum</span> <span class='ocrx_word' id='word_1_140' title='bbox 572 1789 781 1875; x_wconf 90' lang='lat' dir='ltr'>retinuerunt,</span> <span class='ocrx_word' id='word_1_141' title='bbox 818 1788 1000 1890; x_wconf 82' lang='lat' dir='ltr'>religionem</span> <span class='ocrx_word' id='word_1_142' title='bbox 1031 1789 1077 1853; x_wconf 90' lang='grc' dir='ltr'>ιιι</span> <span class='ocrx_word' id='word_1_143' title='bbox 1106 1795 1344 1854; x_wconf 85' lang='lat' dir='ltr'>evanescentem</span> 
     </span>
     <span class='ocr_line' id='line_1_18' title="bbox 186 1870 1351 1958; baseline 0 -20"><span class='ocrx_word' id='word_1_144' title='bbox 186 1873 289 1956; x_wconf 87' lang='lat' dir='ltr'>magis</span> <span class='ocrx_word' id='word_1_145' title='bbox 321 1894 357 1940; x_wconf 87' lang='lat' dir='ltr'>ac</span> <span class='ocrx_word' id='word_1_146' title='bbox 391 1877 492 1956; x_wconf 88' lang='lat' dir='ltr'>magis</span> <span class='ocrx_word' id='word_1_147' title='bbox 526 1870 653 1956; x_wconf 89' lang='lat' dir='ltr'>suspect</span> <span class='ocrx_word' id='word_1_148' title='bbox 654 1893 705 1939; x_wconf 89' lang='lat' dir='ltr'>am</span> <span class='ocrx_word' id='word_1_149' title='bbox 740 1875 899 1941; x_wconf 89' lang='lat' dir='ltr'>habere</span> <span class='ocrx_word' id='word_1_150' title='bbox 891 1877 1052 1958; x_wconf 85' lang='lat' dir='ltr'>incipiunt,</span> <span class='ocrx_word' id='word_1_151' title='bbox 1088 1876 1150 1940; x_wconf 92' lang='lat' dir='ltr'>imo</span> <span class='ocrx_word' id='word_1_152' title='bbox 1185 1877 1351 1940; x_wconf 90' lang='lat' dir='ltr'>evidenter·</span> 
     </span>
     <span class='ocr_line' id='line_1_19' title="bbox 187 1961 1344 2043; baseline 0.002 -18"><span class='ocrx_word' id='word_1_153' title='bbox 187 1961 299 2026; x_wconf 87' lang='lat' dir='ltr'>falsam</span> <span class='ocrx_word' id='word_1_154' title='bbox 329 1981 398 2027; x_wconf 89' lang='lat' dir='ltr'>esse</span> <span class='ocrx_word' id='word_1_155' title='bbox 422 1982 460 2026; x_wconf 90' lang='grc' dir='ltr'>ιιι</span> <span class='ocrx_word' id='word_1_156' title='bbox 488 1970 603 2027; x_wconf 84' lang='grc' dir='ltr'><strong>ιιιιιι</strong></span> <span class='ocrx_word' id='word_1_157' title='bbox 627 1970 811 2043; x_wconf 88' lang='lat' dir='ltr'>agnoscunt,</span> <span class='ocrx_word' id='word_1_158' title='bbox 847 1970 879 2028; x_wconf 93' lang='lat' dir='ltr'>et</span> <span class='ocrx_word' id='word_1_159' title='bbox 902 1964 947 2028; x_wconf 90' lang='grc' dir='ltr'>ιιι</span> <span class='ocrx_word' id='word_1_160' title='bbox 969 1964 1077 2028; x_wconf 90' lang='lat' dir='ltr'>oculos</span> <span class='ocrx_word' id='word_1_161' title='bbox 1107 1963 1147 2027; x_wconf 90' lang='lat' dir='ltr'>ad</span> <span class='ocrx_word' id='word_1_162' title='bbox 1171 1963 1344 2028; x_wconf 88' lang='lat' dir='ltr'>Ecclesiam</span> 
     </span>
     <span class='ocr_line' id='line_1_20' title="bbox 187 2047 767 2131; baseline 0.005 -19"><span class='ocrx_word' id='word_1_163' title='bbox 187 2047 372 2114; x_wconf 87' lang='lat' dir='ltr'>catholicam</span> <span class='ocrx_word' id='word_1_164' title='bbox 397 2056 578 2115; x_wconf 88' lang='lat' dir='ltr'>convertere</span> <span class='ocrx_word' id='word_1_165' title='bbox 602 2056 767 2131; x_wconf 88' lang='lat' dir='ltr'>coguntur.</span> 
     </span>
    </p>
   </div>
   <div class='ocr_carea' id='block_1_3' title="bbox 186 2274 1351 2446">
    <p class='ocr_par' dir='ltr' id='par_1_4' title="bbox 186 2274 1351 2446">
     <span class='ocr_line' id='line_1_21' title="bbox 186 2274 1351 2342; baseline -0.001 -3"><span class='ocrx_word' id='word_1_166' title='bbox 186 2274 238 2339; x_wconf 87' lang='lat' dir='ltr'>De</span> <span class='ocrx_word' id='word_1_167' title='bbox 260 2277 460 2341; x_wconf 74' lang='lat' dir='ltr'>cautionibus</span> <span class='ocrx_word' id='word_1_168' title='bbox 487 2279 523 2340; x_wconf 84' lang='grc' dir='ltr'>ιι</span> <span class='ocrx_word' id='word_1_169' title='bbox 544 2278 725 2342; x_wconf 79' lang='lat' dir='ltr'>reductione</span> <span class='ocrx_word' id='word_1_170' title='bbox 748 2276 957 2341; x_wconf 81' lang='lat' dir='ltr'>Decretoram</span> <span class='ocrx_word' id='word_1_171' title='bbox 986 2295 1109 2338; x_wconf 78' lang='lat' dir='ltr'>errores</span> <span class='ocrx_word' id='word_1_172' title='bbox 1133 2276 1351 2340; x_wconf 71' lang='lat' dir='ltr'>condemnau-</span> 
     </span>
     <span class='ocr_line' id='line_1_22' title="bbox 564 2381 973 2446; baseline -0.002 0"><span class='ocrx_word' id='word_1_173' title='bbox 564 2383 645 2446; x_wconf 80' lang='grc' dir='ltr'><strong>ιιιιι</strong></span> <span class='ocrx_word' id='word_1_174' title='bbox 667 2402 753 2446; x_wconf 79' lang='lat' dir='ltr'>bauo</span> <span class='ocrx_word' id='word_1_175' title='bbox 776 2381 973 2446; x_wconf 75' lang='lat' dir='ltr'>adhibendis</span> 
     </span>
    </p>
   </div>
   <div class='ocr_carea' id='block_1_4' title="bbox 148 2518 1392 4087">
    <p class='ocr_par' dir='ltr' id='par_1_5' title="bbox 292 2518 1344 2619">
     <span class='ocr_line' id='line_1_23' title="bbox 292 2518 1344 2619; baseline -0.001 -35"><span class='ocrx_word' id='word_1_176' title='bbox 292 2519 424 2596; x_wconf 80' lang='lat' dir='ltr'>Quando</span> <span class='ocrx_word' id='word_1_177' title='bbox 436 2539 612 2586; x_wconf 91' lang='lat' dir='ltr'>nuncnova</span> <span class='ocrx_word' id='word_1_178' title='bbox 633 2519 753 2603; x_wconf 90' lang='lat' dir='ltr'>profert</span> <span class='ocrx_word' id='word_1_179' title='bbox 754 2540 792 2584; x_wconf 90' lang='lat' dir='ltr'>ur</span> <span class='ocrx_word' id='word_1_180' title='bbox 808 2538 948 2585; x_wconf 90' lang='lat' dir='ltr'>errorum</span> <span class='ocrx_word' id='word_1_181' title='bbox 965 2518 1141 2619; x_wconf 85' lang='lat' dir='ltr'>aliquorum</span> <span class='ocrx_word' id='word_1_182' title='bbox 1165 2519 1344 2599; x_wconf 88' lang='lat' dir='ltr'>dogmatica</span> 
     </span>
    </p>

    <p class='ocr_par' dir='ltr' id='par_1_6' title="bbox 148 2606 1392 4087">
     <span class='ocr_line' id='line_1_24' title="bbox 187 2606 1351 2692; baseline -0.003 -19"><span class='ocrx_word' id='word_1_183' title='bbox 187 2607 384 2692; x_wconf 89' lang='lat' dir='ltr'>condemnat</span> <span class='ocrx_word' id='word_1_184' title='bbox 361 2614 413 2688; x_wconf 87' lang='lat' dir='ltr'>rto,</span> <span class='ocrx_word' id='word_1_185' title='bbox 447 2608 615 2674; x_wconf 90' lang='lat' dir='ltr'>haecstat</span> <span class='ocrx_word' id='word_1_186' title='bbox 566 2609 667 2687; x_wconf 90' lang='lat' dir='ltr'>tatim,</span> <span class='ocrx_word' id='word_1_187' title='bbox 691 2607 768 2673; x_wconf 87' lang='lat' dir='ltr'>velit</span> <span class='ocrx_word' id='word_1_188' title='bbox 789 2608 870 2673; x_wconf 89' lang='lat' dir='ltr'>nolit</span> <span class='ocrx_word' id='word_1_189' title='bbox 892 2607 1073 2686; x_wconf 87' lang='lat' dir='ltr'>Ecclesia,</span> <span class='ocrx_word' id='word_1_190' title='bbox 1065 2625 1098 2670; x_wconf 92' lang='lat' dir='ltr'>m</span> <span class='ocrx_word' id='word_1_191' title='bbox 1121 2606 1265 2670; x_wconf 91' lang='lat' dir='ltr'>omnibus</span> <span class='ocrx_word' id='word_1_192' title='bbox 1286 2621 1351 2687; x_wconf 88' lang='lat' dir='ltr'>per·</span> 
     </span>
     <span class='ocr_line' id='line_1_25' title="bbox 181 2686 1392 2777; baseline -0.003 -16.943"><span class='ocrx_word' id='word_1_193' title='bbox 181 2686 288 2775; x_wconf 78' lang='lat' dir='ltr'>lotum</span> <span class='ocrx_word' id='word_1_194' title='bbox 319 2694 427 2760; x_wconf 91' lang='lat' dir='ltr'>orbem</span> <span class='ocrx_word' id='word_1_195' title='bbox 457 2696 597 2777; x_wconf 90' lang='lat' dir='ltr'>publicat</span> <span class='ocrx_word' id='word_1_196' title='bbox 599 2715 636 2760; x_wconf 87' lang='grc' dir='ltr'>ιι</span> <span class='ocrx_word' id='word_1_197' title='bbox 667 2697 784 2776; x_wconf 73' lang='lat' dir='ltr'>diariis</span> <span class='ocrx_word' id='word_1_198' title='bbox 818 2696 873 2776; x_wconf 89' lang='lat' dir='ltr'>qui</span> <span class='ocrx_word' id='word_1_199' title='bbox 903 2695 968 2760; x_wconf 90' lang='lat' dir='ltr'>suis</span> <span class='ocrx_word' id='word_1_200' title='bbox 997 2694 1085 2758; x_wconf 88' lang='lat' dir='ltr'>illam</span> <span class='ocrx_word' id='word_1_201' title='bbox 1114 2693 1342 2758; x_wconf 89' lang='lat' dir='ltr'>commentariis</span> <span class='ocrx_word' id='word_1_202' title='bbox 1390 2731 1392 2733; x_wconf 57' lang='lat'>&gt;</span> 
     </span>
     <span class='ocr_line' id='line_1_26' title="bbox 184 2768 1340 2867; baseline -0.003 -20"><span class='ocrx_word' id='word_1_203' title='bbox 184 2768 341 2847; x_wconf 76' lang='lat' dir='ltr'>adornare</span> <span class='ocrx_word' id='word_1_204' title='bbox 370 2801 532 2867; x_wconf 89' lang='lat' dir='ltr'>nunquam</span> <span class='ocrx_word' id='word_1_205' title='bbox 563 2786 721 2850; x_wconf 91' lang='lat' dir='ltr'>omittunt</span> <span class='ocrx_word' id='word_1_206' title='bbox 778 2782 935 2847; x_wconf 84' lang='lat' dir='ltr'>Oumt</span> <span class='ocrx_word' id='word_1_207' title='bbox 879 2788 935 2846; x_wconf 89' lang='lat' dir='ltr'>aut</span> <span class='ocrx_word' id='word_1_208' title='bbox 936 2801 986 2846; x_wconf 93' lang='lat' dir='ltr'>em</span> <span class='ocrx_word' id='word_1_209' title='bbox 1021 2781 1192 2846; x_wconf 88' lang='lat' dir='ltr'>diariorum</span> <span class='ocrx_word' id='word_1_210' title='bbox 1214 2780 1340 2844; x_wconf 89' lang='lat' dir='ltr'>illorum</span> 
     </span>
     <span class='ocr_line' id='line_1_27' title="bbox 184 2867 1340 2971; baseline -0.002 -37"><span class='ocrx_word' id='word_1_211' title='bbox 184 2870 352 2971; x_wconf 76' lang='lat' dir='ltr'>scriptores</span> <span class='ocrx_word' id='word_1_212' title='bbox 375 2870 560 2935; x_wconf 83' lang='lat' dir='ltr'>dialecticae</span> <span class='ocrx_word' id='word_1_213' title='bbox 589 2870 828 2953; x_wconf 85' lang='lat' dir='ltr'>theologiaeque</span> <span class='ocrx_word' id='word_1_214' title='bbox 856 2868 1038 2951; x_wconf 88' lang='lat' dir='ltr'>regularum</span> <span class='ocrx_word' id='word_1_215' title='bbox 1060 2873 1092 2932; x_wconf 92' lang='lat' dir='ltr'>et</span> <span class='ocrx_word' id='word_1_216' title='bbox 1115 2867 1189 2951; x_wconf 88' lang='lat' dir='ltr'>styli</span> <span class='ocrx_word' id='word_1_217' title='bbox 1211 2885 1340 2949; x_wconf 86' lang='lat' dir='ltr'>prorsus</span> 
     </span>
     <span class='ocr_line' id='line_1_28' title="bbox 182 2955 1349 3039; baseline -0.002 -18"><span class='ocrx_word' id='word_1_218' title='bbox 182 2956 288 3039; x_wconf 87' lang='lat' dir='ltr'>ignari</span> <span class='ocrx_word' id='word_1_219' title='bbox 311 2959 382 3037; x_wconf 89' lang='lat' dir='ltr'>sint,</span> <span class='ocrx_word' id='word_1_220' title='bbox 359 2958 487 3022; x_wconf 91' lang='lat' dir='ltr'>tinde</span> <span class='ocrx_word' id='word_1_221' title='bbox 509 2957 604 3022; x_wconf 91' lang='lat' dir='ltr'>fitt</span> <span class='ocrx_word' id='word_1_222' title='bbox 569 2964 604 3022; x_wconf 93' lang='grc' dir='ltr'>ιι</span> <span class='ocrx_word' id='word_1_223' title='bbox 626 2955 810 3023; x_wconf 89' lang='lat' dir='ltr'>falsissimos</span> <span class='ocrx_word' id='word_1_224' title='bbox 833 2975 927 3038; x_wconf 90' lang='lat' dir='ltr'>saepe</span> <span class='ocrx_word' id='word_1_225' title='bbox 951 2974 1061 3021; x_wconf 89' lang='lat' dir='ltr'>sensus</span> <span class='ocrx_word' id='word_1_226' title='bbox 1084 2956 1263 3038; x_wconf 82' lang='lat' dir='ltr'>hujusmodi</span> <span class='ocrx_word' id='word_1_227' title='bbox 1288 2956 1349 3019; x_wconf 73' lang='lat' dir='ltr'>de·</span> 
     </span>
     <span class='ocr_line' id='line_1_29' title="bbox 181 3043 1340 3126; baseline -0.001 -18"><span class='ocrx_word' id='word_1_228' title='bbox 181 3045 278 3110; x_wconf 89' lang='lat' dir='ltr'>cretis</span> <span class='ocrx_word' id='word_1_229' title='bbox 312 3045 510 3122; x_wconf 83' lang='grc' dir='ltr'><strong>ιιιιιιιιιιι;</strong></span> <span class='ocrx_word' id='word_1_230' title='bbox 546 3047 652 3126; x_wconf 87' lang='lat' dir='ltr'>sicque</span> <span class='ocrx_word' id='word_1_231' title='bbox 686 3047 838 3110; x_wconf 86' lang='lat' dir='ltr'>maximae</span> <span class='ocrx_word' id='word_1_232' title='bbox 872 3049 943 3125; x_wconf 92' lang='lat' dir='ltr'>pert</span> <span class='ocrx_word' id='word_1_233' title='bbox 929 3043 1047 3108; x_wconf 90' lang='lat' dir='ltr'>turbat</span> <span class='ocrx_word' id='word_1_234' title='bbox 1025 3049 1127 3108; x_wconf 86' lang='lat' dir='ltr'>trones</span> <span class='ocrx_word' id='word_1_235' title='bbox 1160 3043 1193 3106; x_wconf 93' lang='lat' dir='ltr'>in</span> <span class='ocrx_word' id='word_1_236' title='bbox 1228 3043 1340 3107; x_wconf 91' lang='lat' dir='ltr'>animis</span> 
     </span>
     <span class='ocr_line' id='line_1_30' title="bbox 179 3127 1347 3213; baseline -0.002 -17"><span class='ocrx_word' id='word_1_237' title='bbox 179 3127 272 3211; x_wconf 86' lang='lat' dir='ltr'>fiant,</span> <span class='ocrx_word' id='word_1_238' title='bbox 296 3132 457 3213; x_wconf 88' lang='lat' dir='ltr'>multique,</span> <span class='ocrx_word' id='word_1_239' title='bbox 482 3134 578 3197; x_wconf 90' lang='lat' dir='ltr'>etiam</span> <span class='ocrx_word' id='word_1_240' title='bbox 594 3131 749 3210; x_wconf 86' lang='lat' dir='ltr'>catholici,</span> <span class='ocrx_word' id='word_1_241' title='bbox 772 3133 805 3196; x_wconf 96' lang='lat' dir='ltr'>in</span> <span class='ocrx_word' id='word_1_242' title='bbox 827 3129 889 3196; x_wconf 89' lang='lat' dir='ltr'>fide</span> <span class='ocrx_word' id='word_1_243' title='bbox 904 3131 1043 3211; x_wconf 90' lang='lat' dir='ltr'>graviter</span> <span class='ocrx_word' id='word_1_244' title='bbox 1065 3134 1236 3194; x_wconf 86' lang='lat' dir='ltr'>tententur.</span> <span class='ocrx_word' id='word_1_245' title='bbox 1272 3129 1347 3194; x_wconf 82' lang='lat' dir='ltr'>Hoc-</span> 
     </span>
     <span class='ocr_line' id='line_1_31' title="bbox 176 3215 1341 3301; baseline -0.003 -17"><span class='ocrx_word' id='word_1_246' title='bbox 176 3221 270 3284; x_wconf 86' lang='lat' dir='ltr'>certe</span> <span class='ocrx_word' id='word_1_247' title='bbox 301 3238 449 3300; x_wconf 88' lang='lat' dir='ltr'>magnum</span> <span class='ocrx_word' id='word_1_248' title='bbox 485 3219 685 3301; x_wconf 90' lang='lat' dir='ltr'>dispendium</span> <span class='ocrx_word' id='word_1_249' title='bbox 716 3225 774 3298; x_wconf 90' lang='lat' dir='ltr'>est,</span> <span class='ocrx_word' id='word_1_250' title='bbox 810 3220 902 3299; x_wconf 87' lang='lat' dir='ltr'>quod,</span> <span class='ocrx_word' id='word_1_251' title='bbox 936 3219 1052 3299; x_wconf 86' lang='lat' dir='ltr'>partim</span> <span class='ocrx_word' id='word_1_252' title='bbox 1087 3215 1209 3296; x_wconf 87' lang='lat' dir='ltr'>saltem,</span> <span class='ocrx_word' id='word_1_253' title='bbox 1246 3217 1341 3281; x_wconf 85' lang='lat' dir='ltr'>vitari</span> 
     </span>
     <span class='ocr_line' id='line_1_32' title="bbox 160 3305 1346 3388; baseline -0.008 -17"><span class='ocrx_word' id='word_1_254' title='bbox 160 3305 300 3388; x_wconf 64' lang='lat' dir='ltr'>*posset</span> <span class='ocrx_word' id='word_1_255' title='bbox 333 3307 361 3371; x_wconf 92' lang='grc' dir='ltr'>ιι</span> <span class='ocrx_word' id='word_1_256' title='bbox 383 3307 469 3370; x_wconf 93' lang='lat' dir='ltr'>nulla</span> <span class='ocrx_word' id='word_1_257' title='bbox 491 3325 629 3388; x_wconf 91' lang='lat' dir='ltr'>uuquam</span> <span class='ocrx_word' id='word_1_258' title='bbox 663 3307 810 3371; x_wconf 90' lang='lat' dir='ltr'>ederetur</span> <span class='ocrx_word' id='word_1_259' title='bbox 833 3324 975 3370; x_wconf 91' lang='lat' dir='ltr'>errorum</span> <span class='ocrx_word' id='word_1_260' title='bbox 1005 3305 1232 3384; x_wconf 87' lang='lat' dir='ltr'>condemnatio,</span> <span class='ocrx_word' id='word_1_261' title='bbox 1266 3305 1346 3385; x_wconf 80' lang='lat' dir='ltr'>quin..</span> 
     </span>
     <span class='ocr_line' id='line_1_33' title="bbox 163 3392 1342 3474; baseline -0.003 -14"><span class='ocrx_word' id='word_1_262' title='bbox 163 3393 303 3460; x_wconf 81' lang='lat' dir='ltr'>&#39;clarum</span> <span class='ocrx_word' id='word_1_263' title='bbox 318 3399 360 3458; x_wconf 90' lang='lat' dir='ltr'>et</span> <span class='ocrx_word' id='word_1_264' title='bbox 382 3392 584 3474; x_wconf 88' lang='lat' dir='ltr'>praefinitum</span> <span class='ocrx_word' id='word_1_265' title='bbox 607 3411 733 3458; x_wconf 87' lang='lat' dir='ltr'>sensum</span> <span class='ocrx_word' id='word_1_266' title='bbox 757 3393 928 3458; x_wconf 85' lang='lat' dir='ltr'>exhiberet.</span> <span class='ocrx_word' id='word_1_267' title='bbox 978 3393 1054 3472; x_wconf 91' lang='lat' dir='ltr'>Imo,</span> <span class='ocrx_word' id='word_1_268' title='bbox 1078 3393 1245 3457; x_wconf 88' lang='lat' dir='ltr'>damnatae</span> <span class='ocrx_word' id='word_1_269' title='bbox 1268 3393 1342 3456; x_wconf 87' lang='lat' dir='ltr'>doc-</span> 
     </span>
     <span class='ocr_line' id='line_1_34' title="bbox 164 3478 1345 3560; baseline -0.002 -14"><span class='ocrx_word' id='word_1_270' title='bbox 164 3481 287 3546; x_wconf 76' lang='lat' dir='ltr'>trinae</span> <span class='ocrx_word' id='word_1_271' title='bbox 318 3478 499 3560; x_wconf 89' lang='lat' dir='ltr'>falsitatem,</span> <span class='ocrx_word' id='word_1_272' title='bbox 535 3489 567 3546; x_wconf 91' lang='grc' dir='ltr'>ιι</span> <span class='ocrx_word' id='word_1_273' title='bbox 599 3481 864 3547; x_wconf 89' lang='lat' dir='ltr'>contradictoriae</span> <span class='ocrx_word' id='word_1_274' title='bbox 895 3481 1040 3545; x_wconf 89' lang='lat' dir='ltr'>veritatis</span> <span class='ocrx_word' id='word_1_275' title='bbox 1070 3479 1196 3560; x_wconf 88' lang='lat' dir='ltr'>motiva,</span> <span class='ocrx_word' id='word_1_276' title='bbox 1231 3481 1345 3560; x_wconf 90' lang='lat' dir='ltr'>paucis</span> 
     </span>
     <span class='ocr_line' id='line_1_35' title="bbox 158 3566 1340 3649; baseline -0.003 -15"><span class='ocrx_word' id='word_1_277' title='bbox 158 3569 297 3648; x_wconf 76' lang='lat' dir='ltr'>-uerbis,</span> <span class='ocrx_word' id='word_1_278' title='bbox 321 3574 472 3648; x_wconf 89' lang='lat' dir='ltr'>quantum</span> <span class='ocrx_word' id='word_1_279' title='bbox 495 3566 563 3632; x_wconf 90' lang='lat' dir='ltr'>fieri</span> <span class='ocrx_word' id='word_1_280' title='bbox 585 3574 701 3649; x_wconf 90' lang='lat' dir='ltr'>posset,</span> <span class='ocrx_word' id='word_1_281' title='bbox 727 3569 850 3633; x_wconf 90' lang='lat' dir='ltr'>ostendi</span> <span class='ocrx_word' id='word_1_282' title='bbox 873 3573 1084 3649; x_wconf 91' lang='lat' dir='ltr'>opportunum</span> <span class='ocrx_word' id='word_1_283' title='bbox 1107 3574 1200 3632; x_wconf 91' lang='lat' dir='ltr'>esset.</span> <span class='ocrx_word' id='word_1_284' title='bbox 1234 3566 1340 3631; x_wconf 88' lang='lat' dir='ltr'>Mode-</span> 
     </span>
     <span class='ocr_line' id='line_1_36' title="bbox 155 3653 1341 3738; baseline -0.004 -15"><span class='ocrx_word' id='word_1_285' title='bbox 155 3655 302 3723; x_wconf 81' lang='lat' dir='ltr'>&#39;randus</span> <span class='ocrx_word' id='word_1_286' title='bbox 323 3654 429 3723; x_wconf 88' lang='lat' dir='ltr'>forsan</span> <span class='ocrx_word' id='word_1_287' title='bbox 452 3663 484 3720; x_wconf 91' lang='lat' dir='ltr'>et</span> <span class='ocrx_word' id='word_1_288' title='bbox 507 3655 608 3738; x_wconf 90' lang='lat' dir='ltr'>stylus</span> <span class='ocrx_word' id='word_1_289' title='bbox 630 3655 721 3735; x_wconf 90' lang='lat' dir='ltr'>foret,</span> <span class='ocrx_word' id='word_1_290' title='bbox 757 3655 1052 3735; x_wconf 91' lang='lat' dir='ltr'>abstinendumque,</span> <span class='ocrx_word' id='word_1_291' title='bbox 1087 3653 1136 3718; x_wconf 89' lang='lat' dir='ltr'>vel</span> <span class='ocrx_word' id='word_1_292' title='bbox 1156 3654 1341 3734; x_wconf 92' lang='lat' dir='ltr'>parcissime</span> 
     </span>
     <span class='ocr_line' id='line_1_37' title="bbox 149 3740 1340 3824; baseline -0.005 -15"><span class='ocrx_word' id='word_1_293' title='bbox 149 3743 344 3822; x_wconf 48' lang='lat' dir='ltr'>*utendum</span> <span class='ocrx_word' id='word_1_294' title='bbox 368 3761 443 3823; x_wconf 88' lang='lat' dir='ltr'>erga</span> <span class='ocrx_word' id='word_1_295' title='bbox 459 3751 612 3822; x_wconf 71' lang='lat' dir='ltr'>errantes</span> <span class='ocrx_word' id='word_1_296' title='bbox 628 3743 817 3824; x_wconf 88' lang='lat' dir='ltr'>quibusdam</span> <span class='ocrx_word' id='word_1_297' title='bbox 832 3743 1007 3809; x_wconf 90' lang='lat' dir='ltr'>acrioribus</span> <span class='ocrx_word' id='word_1_298' title='bbox 1022 3741 1136 3819; x_wconf 89' lang='lat' dir='ltr'>verbis,</span> <span class='ocrx_word' id='word_1_299' title='bbox 1160 3759 1250 3821; x_wconf 87' lang='lat' dir='ltr'>quae,</span> <span class='ocrx_word' id='word_1_300' title='bbox 1267 3740 1340 3806; x_wconf 93' lang='lat' dir='ltr'>licet</span> 
     </span>
     <span class='ocr_line' id='line_1_38' title="bbox 151 3828 1348 3914; baseline -0.004 -18"><span class='ocrx_word' id='word_1_301' title='bbox 151 3849 196 3896; x_wconf 54' lang='grc' dir='ltr'>τι</span> <span class='ocrx_word' id='word_1_302' title='bbox 211 3835 308 3914; x_wconf 90' lang='lat' dir='ltr'>parte</span> <span class='ocrx_word' id='word_1_303' title='bbox 331 3831 381 3895; x_wconf 91' lang='lat' dir='ltr'>sui</span> <span class='ocrx_word' id='word_1_304' title='bbox 402 3829 481 3894; x_wconf 94' lang='lat' dir='ltr'>nibil</span> <span class='ocrx_word' id='word_1_305' title='bbox 502 3831 746 3895; x_wconf 91' lang='lat' dir='ltr'>immoderatum</span> <span class='ocrx_word' id='word_1_306' title='bbox 762 3830 913 3912; x_wconf 88' lang='lat' dir='ltr'>habeant,</span> <span class='ocrx_word' id='word_1_307' title='bbox 936 3831 1065 3894; x_wconf 92' lang='lat' dir='ltr'>attentis</span> <span class='ocrx_word' id='word_1_308' title='bbox 1088 3835 1195 3892; x_wconf 90' lang='lat' dir='ltr'>tamen</span> <span class='ocrx_word' id='word_1_309' title='bbox 1218 3828 1348 3893; x_wconf 84' lang='lat' dir='ltr'>budion·-</span> 
     </span>
     <span class='ocr_line' id='line_1_39' title="bbox 165 3917 1347 4000; baseline -0.006 -16"><span class='ocrx_word' id='word_1_310' title='bbox 165 3934 295 3984; x_wconf 79' lang='lat' dir='ltr'>nornm</span> <span class='ocrx_word' id='word_1_311' title='bbox 329 3917 489 3982; x_wconf 90' lang='lat' dir='ltr'>hominum</span> <span class='ocrx_word' id='word_1_312' title='bbox 523 3918 792 4000; x_wconf 89' lang='lat' dir='ltr'>dispositionibus,</span> <span class='ocrx_word' id='word_1_313' title='bbox 827 3918 927 3983; x_wconf 92' lang='lat' dir='ltr'>multo</span> <span class='ocrx_word' id='word_1_314' title='bbox 961 3917 1031 3998; x_wconf 90' lang='lat' dir='ltr'>plus</span> <span class='ocrx_word' id='word_1_315' title='bbox 1065 3917 1210 3981; x_wconf 91' lang='lat' dir='ltr'>nocitura</span> <span class='ocrx_word' id='word_1_316' title='bbox 1245 3933 1347 3995; x_wconf 65' lang='lat' dir='ltr'>quam,</span> 
     </span>
     <span class='ocr_line' id='line_1_40' title="bbox 148 4003 625 4087; baseline -0.006 -16"><span class='ocrx_word' id='word_1_317' title='bbox 148 4003 349 4087; x_wconf 65' lang='lat' dir='ltr'>*profutura</span> <span class='ocrx_word' id='word_1_318' title='bbox 370 4004 542 4069; x_wconf 90' lang='lat' dir='ltr'>timendum</span> <span class='ocrx_word' id='word_1_319' title='bbox 567 4012 625 4070; x_wconf 88' lang='lat' dir='ltr'>est.</span> 
     </span>
    </p>
   </div>
   <div class='ocr_carea' id='block_1_5' title="bbox 0 0 1482 4936">
    <p class='ocr_par' dir='ltr' id='par_1_7' title="bbox 0 0 1482 4936">
     <span class='ocr_line' id='line_1_41' title="bbox 0 0 1482 4936; baseline 0 3"><span class='ocrx_word' id='word_1_320' title='bbox 0 0 1482 4936; x_wconf 95' lang='lat' dir='ltr'> </span> 
     </span>
    </p>
   </div>
  </div>
 </body>
</html>
