2946 4942
199 359 238 419 14
578 371 768 421 oonsrrnumo
791 372 961 421 nocuimus
1063 338 1064 342 ¹

196 513 318 577 etiamsi
341 531 398 594 per
421 512 608 578 charitatem
629 530 692 576 non
715 516 870 592 operetur,
903 511 1019 577 donum
1043 512 1102 577 Dei
1125 520 1182 593 est,
1207 521 1239 580 et
1262 521 1354 583 actus

194 599 262 680 ejus
286 606 335 664 est
357 618 435 681 opus
458 601 498 664 ad
514 599 648 664 salutem
663 599 832 680 pertinens,
857 616 918 679 quo
941 599 1034 665 homo
1056 600 1188 666 liberam
1210 611 1353 685 praestat

193 687 254 768 ipsi
277 687 344 752 Deo
367 687 586 765 obedientiam,
628 687 751 769 gratiae
786 689 864 769 ejus,
888 687 938 753 cui
960 689 1108 753 resistere
1130 696 1247 771 posset,
1279 710 1353 757 con·

120 784 122 789 '
195 775 358 840 sentiendo
380 782 414 839 et
436 774 643 856 cooperando.

299 862 399 927 Porro
427 860 489 927 fide
519 862 624 926 divina
651 865 684 927 et
707 860 859 926 catholica
890 879 928 925 ea
950 863 1055 926 omnia
1082 865 1240 930 credenda
1268 875 1352 946 sunt,

195 967 274 1031 quae
297 951 328 1014 in
344 950 440 1016 verbo
456 950 514 1015 Dei
530 951 646 1030 scripto
669 948 720 1012 vel
736 949 855 1013 tradito
871 950 1081 1030 continentur,
1105 957 1138 1016 et
1153 954 1193 1017 ab
1210 953 1352 1018 Ecclesia

194 1039 260 1102 sive
294 1038 425 1102 solemni
455 1037 574 1119 jndicio
609 1037 673 1101 sive
708 1036 865 1100 ordinario
898 1046 931 1100 et
961 1038 1131 1102 universali
1165 1041 1351 1122 magisterio

195 1130 354 1206 tamquam
377 1125 525 1189 divinitus
547 1124 687 1189 revelata
711 1123 867 1188 credenda
890 1130 1116 1204 proponuntur.

300 1213 453 1290 Quoniam
477 1231 551 1277 vcro
580 1213 646 1276 sine
676 1209 738 1275 fide
766 1211 957 1292 impossibile
984 1217 1033 1276 est
1056 1214 1180 1294 placere
1203 1215 1285 1294 Dec,
1320 1223 1353 1281 et

194 1300 236 1364 ad
265 1298 400 1365 filiorum
429 1300 496 1381 ejus
524 1300 714 1364 consortium
741 1299 921 1380 pervenire;
956 1300 1025 1364 ideo
1060 1302 1177 1366 nemini
1210 1321 1350 1384 unquam

193 1389 261 1452 sine
284 1387 338 1452 illa
362 1389 493 1470 contigit
505 1386 696 1469 justificatio,
720 1404 777 1450 nec
801 1387 893 1466 ullus,
917 1387 975 1451 nisi
991 1389 1024 1450 iu
1040 1405 1077 1452 ea
1099 1393 1351 1470 perseveraverit

193 1493 291 1556 usque
314 1476 346 1539 in
369 1473 471 1555 finem,
496 1476 594 1539 vitam
621 1479 781 1540 aeternam
804 1480 1000 1554 assequetur.
1046 1475 1091 1541 Ut
1118 1482 1223 1542 autem
1246 1477 1351 1543 officio

193 1581 300 1628 veram
330 1563 423 1627 fidem
456 1561 680 1644 amplectendi,
718 1562 750 1624 in
786 1579 883 1642 eaque
916 1567 1094 1627 constanter
1128 1567 1351 1645 perseverandi

193 1648 378 1715 satisfacere
406 1668 582 1732 possemus,
614 1650 698 1713 Deus
728 1667 785 1729 per
808 1646 920 1713 Filium
949 1668 1038 1714 suum
1070 1652 1267 1733 unigenitum
1290 1654 1350 1717 Ec-

193 1738 318 1804 clesiam
341 1739 485 1821 institnit,
508 1756 645 1818 suaeque
669 1736 874 1802 institutionis
891 1737 1063 1802 manifestis
1087 1740 1171 1804 notis
1191 1742 1349 1820 instruxit,

192 1830 228 1891 ut
251 1845 289 1891 ea
311 1832 471 1906 tamquam
500 1830 605 1890 custos
629 1829 661 1889 et
691 1825 844 1905 magistra
872 1825 957 1890 verbi
982 1826 1112 1890 revelati
1140 1828 1180 1892 ab
1204 1829 1350 1901 omnibus

193 1922 300 1994 posset
322 1914 458 1996 agnosci.
505 1914 555 1977 Ad
577 1912 676 1977 solam
705 1913 787 1976 enim
811 1912 998 1978 catholicam
1021 1912 1196 1979 Ecclesiam
1219 1934 1257 1980 ea
1279 1935 1351 1996 per-

191 2003 294 2067 tinent
309 2002 421 2080 emnia,
446 2006 527 2082 q‘uae
542 2000 583 2066 ad
606 1999 782 2064 evidentem
805 1999 878 2065 fidei
894 2000 1084 2065 christianae
1107 2002 1347 2068 credibilitatem

122 2088 124 2092 ”
192 2095 258 2153 tam
281 2089 382 2154 multa
405 2094 525 2153 ettam
555 2087 636 2153 mira
660 2087 808 2152 divinitus
842 2094 917 2153 suut
940 2087 1101 2169 disposita.
1148 2089 1348 2168 Quinetiam

191 2174 337 2242 Ecclesia
351 2195 409 2258 per
425 2194 459 2240 se
474 2176 551 2258 ipsa,
568 2176 607 2241 ob
619 2194 709 2240 suam
725 2192 836 2256 nempe
848 2176 1065 2241 admirabilem
1077 2179 1348 2260 propagationem,

191 2264 335 2328 exinriam
359 2264 558 2329 sancitatem
587 2268 620 2328 et
641 2262 858 2328 inexhaustam
888 2263 920 2326 in
943 2263 1088 2328 omnibus
1110 2266 1199 2331 bonis
1222 2264 1349 2332 foecun-

191 2352 335 2432 ditatem,
375 2352 414 2417 ob
453 2351 639 2417 catholicam
680 2350 847 2428 unitatem,
885 2351 1094 2431 invictamque
1133 2353 1348 2432 stabilitatem,

190 2457 339 2520 magnum
362 2440 519 2520 quoddam
549 2445 581 2504 et
603 2442 789 2520 perpetuum
818 2445 867 2504 est
890 2440 1040 2503 motivum
1071 2439 1291 2506 credibilitatis
1314 2450 1349 2506 et

192 2526 315 2593 divinae
339 2546 415 2593 snae
439 2527 605 2609 legationis
627 2526 841 2591 testimonium
863 2525 1089 2606 irrefragabile.

297 2615 365 2692 Quo
388 2616 432 2694 fit,
458 2625 491 2679 ut
513 2617 582 2695 ipsa
603 2614 702 2678 veluti
729 2614 853 2694 signum
875 2613 1016 2680 levatum
1039 2615 1071 2679 in
1094 2615 1247 2696 nationes
1261 2619 1285 2693 ¹)
1316 2625 1349 2680 et

191 2703 232 2766 ad
255 2720 289 2766 se
312 2703 433 2782 invitet,
462 2703 517 2782 qui
538 2701 677 2766 nondum
701 2702 914 2779 crediderunt,
944 2708 975 2766 et
998 2699 1077 2766 fihos
1101 2720 1174 2767 snos
1198 2703 1349 2769 certiores

191 2786 300 2869 faciat,
336 2787 514 2854 firmissimo
550 2789 608 2853 niti
642 2787 846 2855 fundamento
881 2789 986 2870 fidem,
1021 2807 1114 2870 quam
1148 2789 1346 2871 profitentur.

192 2873 251 2940 Cui
279 2877 405 2957 quidem
439 2877 618 2941 testimonio
651 2873 760 2941 efficax
791 2876 963 2942 subsidium
997 2877 1119 2943 accedit
1148 2896 1186 2942 ex
1212 2895 1350 2960 superna

190 2964 316 3029 virtute.
355 2964 482 3029 Etenim
504 2963 746 3046 benignissimus
770 2964 922 3029 Dominus
945 2974 978 3030 ct
1000 2970 1141 3029 errantes
1163 2968 1268 3046 gratia
1289 2984 1349 3031 sua

190 3052 307 3117 excitat
328 3060 425 3133 atque
440 3052 577 3135 adjuvat,
600 3057 637 3116 ut
652 3051 693 3116 ad
708 3053 899 3134 agnitionem
921 3052 1065 3117 veritatis
1081 3052 1188 3118 venire
1211 3054 1346 3133 possint,

191 3144 223 3203 et
246 3158 308 3220 eos,
332 3158 411 3221 quos
434 3141 472 3205 de
495 3139 634 3206 tenebris
666 3140 831 3205 transtulit
853 3141 885 3204 in
907 3140 1092 3205 admirabile
1114 3140 1221 3204 lumen
1244 3159 1346 3221 suum,

189 3226 223 3291 in
245 3227 303 3293 hoc
326 3228 436 3294 eodem
457 3228 574 3291 lumine
596 3232 633 3291 ut
647 3235 857 3309 perseverent,
881 3228 985 3309 gratia
1008 3245 1066 3292 sua
1088 3226 1261 3309 confirmat,
1284 3247 1347 3294 non

190 3314 351 3394 deserens,
386 3316 446 3378 nisi
476 3315 650 3381 deseratur.
705 3316 860 3393 Quocirca
889 3316 1016 3380 minime
1046 3333 1104 3397 par
1136 3321 1184 3379 est
1207 3317 1347 3381 conditio

190 3420 311 3482 eorum,
344 3403 398 3483 qui
427 3401 643 3483 percoeleste
672 3400 745 3466 fidei
776 3403 893 3468 donum
925 3403 1100 3469 catholicae
1134 3402 1261 3467 veritati
1291 3405 1347 3468 ad·

189 3488 369 3570 haeserunt,
393 3496 488 3570 atque
511 3507 628 3564 eorum,
652 3490 706 3569 qui
729 3489 814 3555 ducti
836 3492 1034 3575 opinionibus
1057 3490 1210 3569 humanis
1234 3490 1347 3555 falsam

191 3577 373 3658 religionem
397 3583 576 3655 sectantur3
607 3577 653 3641 illi
676 3578 767 3658 enim,
790 3579 844 3658 qui
866 3577 959 3643 fidem
983 3581 1040 3644 sub
1064 3577 1225 3642 Ecclesiae
1249 3580 1348 3660 inagi-

191 3667 288 3730 sterio
326 3671 542 3746 susceperunt,
580 3664 698 3729 nullam
733 3683 870 3746 unquam
908 3665 1024 3730 habere
1061 3669 1193 3747 possunt
1227 3665 1347 3745 justam

192 3770 318 3817 causam
353 3753 508 3834 mutandi,
544 3759 600 3818 aut
634 3753 666 3816 iu
700 3754 828 3817 dubium
863 3751 956 3816 fidem
991 3752 1133 3817 eamdem
1166 3755 1344 3818 revocandi.

191 3839 278 3918 Quae
302 3858 372 3905 cnm
395 3841 441 3904 ita
464 3843 535 3920 sint,
558 3840 678 3921 gratias
710 3846 841 3920 agentes
865 3841 932 3904 Deo
955 3841 1051 3919 Patri,
1076 3841 1129 3921 qui
1153 3841 1265 3920 dignos
1288 3861 1347 3905 nos

190 3926 263 3993 fecit
285 3929 316 3992 iu
339 3932 461 4008 partem
484 3929 578 3992 sortis
593 3934 773 3992 sauctorum
796 3928 828 3991 in
851 3925 978 4008 lumine,
1002 3932 1181 3992 tantamne
1203 3927 1359 4009 negligau·

190 4033 258 4079 mus
274 4016 417 4098 salutem,
430 4016 486 4080 sed
501 4015 688 4096 aspicientes
703 4017 737 4078 in
752 4020 913 4079 auctorem
926 4013 998 4081 fidei
1014 4020 1046 4080 et
1061 4019 1347 4082 consummatorem

189 4100 307 4181 Jesum,
332 4107 494 4168 teneamus
517 4104 584 4184 spei
607 4108 734 4168 nostrae
759 4101 986 4168 confessionem
1007 4101 1265 4168 indeclinabilem.

190 4245 399 4252 .---—-——

298 4330 317 4398 ι)
335 4329 371 4386 n.
390 4328 437 4386 xi.
457 4330 499 4386 ra
