2946 4942
479 268 493 293 .

429 342 468 388 nn
491 341 586 388 assus
607 342 666 389 arr.
691 340 811 390 carnus.
834 341 872 386 nr
893 338 1024 388 mss1on.
1244 326 1309 388 257

150 487 221 547 tare
251 481 430 547 Ecclesiam
458 480 653 546 lesuitarum
688 486 722 545 et
750 480 794 544 ibi
823 476 980 558 confiteri,
1015 484 1048 543 et
1079 496 1143 544 non
1175 480 1311 546 inveniri
1412 559 1415 565 ι

91 644 94 651 ,
150 569 408 650 impedimentum
429 568 529 633 ullum
552 568 594 632 ad
609 567 857 632 contrabendum
872 567 1115 633 matrimonium.
1147 567 1312 634 Parochus

150 675 226 722 vero
247 657 373 721 innisus
395 657 451 721 isti
472 656 605 719 Patrum
627 656 809 720 testimonio
831 655 961 736 nuptias
984 655 1157 734 benedixit,
1181 661 1312 738 etpost

151 750 287 826 quatuor
309 744 377 810 dies
400 762 420 808 a
443 744 712 809 consummatione
734 742 935 819 matrimonii,
957 745 1020 807 iste
1038 742 1165 825 juvenis
1183 743 1312 824 reliquit

151 849 300 914 sponsam
323 849 415 896 suam
438 836 472 896 et
495 832 580 913 apud
602 829 742 897 Graecos
762 831 872 909 rediit,
904 846 940 894 se
968 846 1121 895 excusans
1143 829 1229 912 quod
1250 831 1313 896 hoc

117 956 121 964 ·
150 917 278 985 fecisset
302 919 377 983 dum
400 924 470 983 erat
491 919 597 997 ebrius
611 937 683 984 cum
698 918 1104 992 contraxitmat-rimonium
1120 936 1190 983 cum
1205 917 1314 1000 puella
1362 973 1365 979 ,

150 1007 309 1071 maronita
331 1024 438 1072 coram
460 1005 602 1071 Parocho
627 1006 800 1084 Maronita,
833 1004 1000 1070 declarans
1030 1009 1141 1085 aperte
1170 1022 1206 1070 se
1226 1006 1313 1071 nolle

151 1095 224 1176 plus
247 1112 439 1176 cognoscere
462 1111 611 1175 sponsam
634 1110 736 1172 suam,
770 1097 804 1157 et
824 1091 972 1173 deinceps
999 1092 1079 1158 haec
1106 1094 1251 1172 quaestio
1273 1110 1312 1158 eo

152 1181 287 1261 devenit,
310 1187 348 1246 ut
369 1188 402 1247 et
417 1182 520 1262 ipsum
535 1179 731 1246 Gubernium
754 1179 846 1245 civile
866 1179 1004 1244 voluerit
1026 1198 1153 1245 causam
1168 1180 1313 1261 legaliter

152 1275 348 1335 tractasset
371 1274 531 1351 postremo
553 1266 706 1349 obligavit
724 1271 873 1351 juvenem
895 1267 937 1332 ad
952 1270 1217 1333 sustentationem
1236 1286 1314 1334 suae

153 1374 305 1439 sponsae,
341 1363 373 1420 et
401 1375 465 1420 non
488 1356 530 1420 ad
564 1356 831 1422 cohabitationem
855 1372 923 1419 cum
946 1356 1031 1436 ipsa,
1063 1361 1097 1420 et
1128 1375 1212 1421 uuna
1241 1354 1318 1420 cum*

153 1461 300 1526 egressus
323 1450 371 1507 est
386 1461 403 1507 e
419 1462 545 1509 carcere
561 1443 674 1509 Graeci
691 1443 891 1509 Schismatici
913 1441 1117 1508 declararunt
1135 1443 1314 1510 nullitatem

152 1531 344 1596 matrimonii
359 1535 394 1596 et
409 1538 580 1596 suaserunt
598 1531 706 1612 juveni
721 1530 768 1596 illi
783 1531 824 1595 ad
840 1529 997 1595 secundas
1016 1533 1145 1612 nuptias
1167 1527 1315 1612 mansirs,

155 1626 187 1685 et
209 1621 254 1683 sic
276 1619 378 1698 prima
401 1635 461 1683 sua
483 1637 599 1698 sponsa
623 1617 776 1689 derelicta
798 1618 980 1699 permansit.

259 1705 371 1855 §unna
400 1705 460 1772 hoc
492 1707 533 1772 ab
562 1707 775 1788 imprudentia
808 1712 842 1771 et
873 1705 1101 1786 inexperientia
1121 1705 1317 1772 Jesuitarum

153 1793 257 1858 evenit

262 1885 291 1943 7.
315 1881 457 1959 lesuitae
478 1886 595 1946 vocant
615 1881 707 1965 adse
727 1880 909 1947 sacerdotes
926 1878 1100 1945 Maronitas
1115 1882 1156 1946 ah
1178 1881 1316 1946 externis

156 1967 354 2032 dioecesibus
377 1969 419 2032 ad
442 1960 877 2049 convivendum³secumipsis
906 1968 973 2031 sine
1003 1969 1133 2048 praevia
1160 1967 1316 2034 facultate

155 2054 324 2133 Ordinarii,
348 2060 381 2119 et
404 2056 457 2121 isti
479 2057 661 2121 sacerdotes
685 2056 824 2120 evadunt
846 2053 965 2120 subditi
979 2054 1106 2120 illorum
1127 2057 1175 2122 ita
1189 2060 1225 2122 ut
1237 2057 1317 2138 ipsis

156 2142 331 2208 concedant
353 2142 540 2208 facultatem
563 2142 771 2208 confessiones
794 2143 943 2207 audiendi
966 2149 999 2208 et
1021 2144 1085 2208 aha
1107 2144 1203 2209 etiam
1224 2145 1317 2226 spiri·

155 2228 255 2294 tualia
277 2231 428 2295 exarchis
450 2230 588 2296 faciendi
610 2231 787 2297 inconsulto
803 2229 980 2310 Ordinatio,
1005 2236 1039 2294 et
1050 2232 1104 2296 isti
1124 2233 1219 2296 etiam
1234 2232 1320 2298 sicut

156 2315 298 2382 Jesuitae
321 2325 512 2399 percurrunt
539 2318 648 2384 domos
675 2316 813 2382 fidelium
841 2318 935 2382 sicuti
957 2317 1080 2383 faciunt
1100 2319 1226 2384 illorum
1248 2337 1318 2384 ma-

157 2405 249 2486 gistri
270 2403 423 2485 Jesuitae,
447 2410 479 2469 et
500 2407 612 2470 exinde
634 2405 719 2470 haud
741 2423 877 2486 parvum
899 2405 1041 2470 exoritur
1062 2405 1260 2484 scandalum,
1283 2412 1318 2474 et

156 2491 235 2558 baec
258 2492 373 2574 agendi
394 2494 478 2558 ratio
501 2493 627 2558 videtur
649 2493 776 2557 minime
790 2509 883 2574 posse
899 2493 1066 2558 convenire
1080 2491 1136 2557 lini
1149 2494 1316 2574 missionis,

156 2596 237 2662 quae
260 2579 406 2644 instituta
428 2579 490 2645 fuit
510 2581 552 2646 ad
567 2580 709 2646 levamen
725 2582 758 2644 in
772 2579 934 2646 laboribus
949 2578 1163 2646 Parochorum
1177 2586 1211 2645 et
1226 2581 1318 2662 Epis·

158 2684 318 2747 coporum,
342 2673 376 2733 et
398 2685 462 2732 non
484 2669 525 2732 ad
540 2668 753 2749 arripiendum
772 2669 848 2750 jura
861 2667 987 2733 illorum
1003 2673 1037 2733 st
1054 2666 1317 2749 iurisdictionem,

157 2754 307 2836 quoniam
330 2773 407 2836 grex
429 2755 492 2820 iste
513 2756 561 2820 ita
582 2759 640 2821 suo
663 2755 756 2820 libitu
778 2755 922 2836 rehctus,
954 2754 1069 2820 clausis
1095 2755 1225 2821 auribus
1247 2757 1317 2822 voci

157 2841 207 2906 sui
229 2841 363 2921 legitimi
384 2843 537 2922 pastoris,
566 2860 635 2907 sese
657 2843 818 2923 immergit
838 2843 872 2907 in
893 2842 1037 2923 pluribus
1058 2844 1318 2925 extravagantiis,

158 2929 252 2994 sicuti
273 2946 385 2995 revera
400 2931 541 2994 videmus
557 2931 708 2996 accidisse
731 2931 764 2994 in
779 2930 859 2996 urbe
873 2929 982 3008 Beriti,
1006 2930 1082 3013 quia
1096 2937 1262 3012 magnates
1285 2936 1320 2996 et

159 3015 288 3081 ditiores
310 3016 429 3098 populi,
452 3017 563 3082 relicta
584 3019 714 3100 propria
736 3018 887 3083 nationali
910 3022 943 3081 et
965 3018 1142 3084 Parocbiah
1161 3017 1317 3098 Ecclesia,

158 3101 399 3184 frequentantes
429 3122 555 3188 semper
580 3105 753 3170 Ecclesiam
785 3105 997 3186 lesuitarum,
1030 3105 1156 3170 illorum
1184 3105 1319 3187 legitimi
1363 3176 1364 3179 ,

160 3191 338 3272 superiores
360 3210 430 3258 non·
446 3199 579 3274 possunt
598 3194 665 3275 jam
681 3210 868 3274 cognoscere
883 3211 993 3257 verum
1008 3192 1135 3258 illorum
1150 3199 1270 3258 statum
1284 3195 1320 3257 in

160 3279 388 3359 spiritualibus,
413 3298 472 3345 nec
490 3281 555 3362 Jam
579 3285 712 3361 possunt
734 3297 923 3360 cognoscere
948 3286 1056 3345 utrum
1078 3281 1322 3363 adimpleverint

159 3372 363 3447 praeceptum
378 3366 531 3432 Paschale
553 3386 660 3447 necne,
685 3372 718 3433 et
740 3386 896 3449 quaenam
918 3368 1059 3435 remedia
1080 3367 1240 3437 afferenda
1254 3369 1321 3433 sint

160 3453 253 3517 malis
286 3471 347 3534 que
380 3453 533 3536 pleraque
572 3458 757 3521 exoriuntur
790 3474 809 3519 a
842 3455 1135 3537 derelinquentibus
1172 3457 1320 3538 proprias

160 3541 335 3606 nationales
351 3542 510 3608 Ecclesias
532 3549 567 3606 et
588 3561 624 3607 se
645 3542 907 3608 subtrahentibus
929 3542 971 3608 ab
987 3543 1176 3610 auctoritate
1191 3561 1319 3608 suorum

160 3629 375 3709 superiorum,
410 3635 444 3694 et
472 3649 510 3695 ex
541 3631 602 3694 hac
623 3628 817 3710 disciplinari
838 3631 1062 3696 deturbatioue
1078 3637 1223 3712 sequuta
1245 3637 1321 3695 sunt

159 3715 209 3778 vel
231 3718 369 3780 maxima
391 3717 581 3782 detrimenta
602 3718 693 3783 bonis
709 3715 869 3782 Ecclesiae
890 3725 922 3783 et
936 3717 1095 3783 beneficiis
1118 3718 1321 3796 clericorum3

160 3804 305 3883 quoniam
338 3809 379 3867 20
415 3804 530 3869 abhinc
564 3805 655 3868 annis
684 3805 911 3870 Maronitarum
945 3824 1095 3870 numerus
1125 3805 1321 3871 ascendebat

160 3889 260 3954 Beriti
284 3890 325 3954 ad
341 3892 404 3955 tria
429 3897 513 3957 1000
536 3896 568 3956 et
583 3893 750 3973 quotannis
770 3893 888 3957 dabant
901 3893 1062 3958 Ecclesiae
1084 3899 1170 3959 3000
1188 3893 1322 3974 franchi

161 3983 194 4042 et
217 3978 336 4043 dabant
366 3978 552 4043 heneficium
587 3981 653 4044 suis
686 3980 902 4045 sacerdotibus
934 3999 1064 4046 numero
1099 3980 1321 4045 010000000-

160 4065 315 4138 tationem
341 4071 432 4131 1000·
445 4067 585 4147 franchi.
632 4067 722 4132 Nunc
743 4087 761 4133 e
784 4075 893 4133 contra
914 4087 1064 4133 numerus
1087 4069 1321 4134 Maronitarum

160 4152 262 4216 Beriti
285 4154 430 4218 ascendit
452 4153 493 4219 ad
523 4159 638 4233 15,000
667 4161 701 4218 et
728 4173 878 4220 numerus
907 4156 1107 4221 sacerdotum
1137 4156 1178 4220 ad
1209 4162 1263 4235 12,
1287 4159 1321 4220 et

159 4259 245 4305 nunc
267 4242 346 4305 dant
376 4241 411 4304 in
442 4240 627 4306 heneficium
650 4241 811 4306 Ecclesiae
837 4248 921 4308 1000
940 4243 1072 4323 franchi
1105 4247 1138 4308 et
1168 4244 1201 4308 in
1224 4244 1320 4307 bene-

160 4328 266 4393 ficium
289 4330 490 4394 sacerdotum
516 4334 600 4394 1300
612 4329 759 4409 francica
782 4335 875 4395 etex
897 4330 946 4396 his
969 4337 1103 4413 apparet
1124 4331 1209 4396 clare
1225 4348 1320 4409 quae·

215 4448 339 4499 Martia,
358 4449 513 4492 Documenta.
539 4449 602 4492 Edit.
616 4449 647 4492 11.
1182 4455 1215 4504 17
