2946 4942
556 318 596 365 mc
618 317 715 367 eunus
735 317 926 367 noourmcrs.
1277 305 1317 366 87

159 460 385 526 auctoritatem
415 459 449 522 iu
471 458 569 524 rebus
591 454 667 522 fidei
689 462 724 524 et
744 474 884 535 mornm3
915 473 1034 538 cosque
1055 455 1180 541 litteras
1202 457 1320 538 passim

158 564 217 630 per
239 546 349 611 domos
371 543 522 610 Patribus
544 544 686 610 exhiberi
708 543 959 611 subscribendas.

263 633 340 712 Noe,
362 631 551 697 Beatissimo
564 631 672 712 Pater,
695 633 749 713 qui
770 633 804 696 in
820 630 1034 698 Orientalibus
1053 631 1199 713 partibus
1221 630 1321 696 schis-

159 722 295 788 maticas
315 721 401 784 inter
422 727 457 785 et
482 718 662 785 haereticas
684 723 797 802 gentes
824 719 967 800 degimus
989 736 1047 783 neo
1079 718 1192 784 minori
1213 722 1320 783 tamen

159 827 255 890 quam
279 806 500 874 occidentales
520 807 667 888 Episcopi
696 804 811 872 affeetu
833 811 867 871 ct
897 805 1066 872 devotione
1087 824 1166 886 erga
1186 805 1320 886 Aposto

158 897 251 962 licam
285 894 398 960 Scdem
421 894 630 973 devincimur3
663 895 798 959 maxime
826 911 901 959 vero
935 893 1021 974 quod
1050 894 1091 959 ad
1123 910 1181 958 nos
1204 894 1322 957 attinet

159 988 346 1065 exoptamus
374 987 412 1046 ut
441 983 607 1046 universus
629 980 742 1046 Oriens
762 984 844 1048 'oum
876 980 1005 1062 reliquis
1035 981 1181 1063 gentibus
1209 981 1243 1045 in
1265 978 1319 1058 Te,

159 1071 349 1137 Beatissime
371 1068 477 1147 Pater,
505 1069 662 1151 respiciat
692 1069 841 1135 etunius
864 1067 955 1134 ovilis
977 1067 1092 1134 Pastor
1114 1069 1206 1133 unice
1229 1065 1321 1132 Sum-

159 1175 229 1223 mus
252 1155 424 1238 aliquando
446 1156 515 1237 ipse
536 1153 604 1220 fias.

264 1243 348 1322 Quid
371 1243 411 1307 dc
424 1242 567 1308 Romano
590 1241 741 1308 Pontifice
764 1243 936 1308 tenendum
958 1244 1001 1308 sit
1023 1241 1208 1307 Florentino
1221 1239 1321 1323 Syno-

160 1333 228 1411 dus,
252 1331 383 1397 Graccis
398 1329 583 1412 Latinisque
606 1331 883 1409 consentientibus,
906 1335 982 1395 tunc
1004 1335 1115 1396 sancte
1130 1333 1321 1411 opportune·

178 1437 221 1484 ue
243 1418 386 1484 sancivit.

160 1437 178 1500 q
265 1507 469 1608 quapropter
490 1504 549 1587 Te,
580 1505 669 1606 quus
692 1506 881 1586 sapientiam
910 1523 949 1570 ac
971 1504 1172 1606 prudentiam
1195 1520 1322 1602 semper

160 1593 545 1762 ettotlstlttltt
564 1592 1323 1761 t‘ttttllttllttottttlttctt

160 1769 319 1850 iungimur
348 1769 545 1868 ςιιιιιοιιιιιιι
578 1765 818 1833 difficultatibus
848 1765 1002 1832 cumulari
1032 1785 1097 1831 uon
1130 1765 1223 1846 velis,
1257 1783 1322 1830 non

159 1857 302 1940 patiaris,
325 1873 388 1921 non
411 1856 507 1920 sinas.

263 1945 308 2009 Et
331 1942 373 2007 ad
386 1942 484 2024 pedes
501 1942 589 2007 Tuae
602 1941 685 2006 Beat
686 1942 816 2007 itudinis
831 1942 990 2024 provoluti
1010 1959 1068 2024 pro
1083 1940 1174 2007 nobis
1189 1940 1322 2005 nostris·

161 2049 220 2112 que
249 2031 399 2113 gregibus
432 2028 645 2111 Apostolioam
678 2030 935 2096 Benedictionem
964 2035 1170 2112 peramanter
1202 2025 1322 2110 efflagi-

161 2123 275 2184 amus

364 2255 530 2323 Sanctitat
508 2263 548 2322 trs
570 2256 658 2322 'luae
679 2255 767 2321 humi
789 2257 891 2323 obsriri
914 2257 1017 2322 devmi
1040 2256 1148 2323 servi

266 2394 385 2461 Datum
407 2396 528 2461 Romae
552 2400 602 2462 18.
625 2394 770 2461 ianuarii
795 2399 888 2462 1870.

163 2552 247 2619 Huic
256 2552 476 2635 postulationi
489 2553 750 2634 subscripserant
763 2557 807 2616 17
824 2549 1002 2617 Orieotolt's
1015 2550 1180 2617 Ecclesiae
1195 2548 1321 2616 Patres.

638 2781 847 2790 ------..--

584 2952 772 3019 Beatissime
794 2951 909 3019 Pater!

264 3072 482 3139 Pervenerunt
506 3076 547 3139 ad
569 3091 626 3139 uos
648 3074 777 3141 litterae
797 3075 883 3157 typis
905 3075 1087 3157 impressae,
1109 3073 1224 3155 quibus
1240 3073 1323 3140 Con·

165 3161 224 3227 tilii
246 3162 393 3244 patribus
415 3161 641 3228 subscribenda
662 3162 828 3228 exhibetur
849 3162 963 3244 petitio
985 3181 1007 3228 a
1029 3161 1154 3245 Synodo
1170 3161 1323 3227 Oecume·

168 3249 231 3314 rica
252 3248 416 3329 flagitans,
448 3254 487 3314 ut
508 3250 633 3315 sonaim
663 3250 959 3330 contrementem,
992 3249 1123 3332 ideoque
1151 3248 1192 3313 ab
1216 3269 1323 3314 errore

168 3335 335 3401 immunem
374 3337 597 3402 auctoritatem
641 3338 777 3402 Βοιιιιιιι
809 3334 971 3403 Pontificio
998 3338 1031 3402 iu
1062 3336 1158 3402 rebus
1186 3332 1261 3401 fidei
1290 3341 1323 3400 et

167 3439 294 3503 norum,
328 3423 503 3504 apostolica
536 3428 698 3506 potestate
730 3426 886 3491 universis
915 3423 1061 3490 fidelibus
1087 3423 1321 3506 praecipientis.

159 3507 278 3576 llirum
301 3517 386 3576 certe
412 3516 463 3576 est
484 3509 558 3575 fidei
576 3511 700 3593 judices
722 3512 864 3592 invitari,
896 3516 934 3576 nt
954 3517 1030 3577 ante
1052 3527 1183 3577 causam
1206 3512 1323 3576 dicam

155 3597 199 3664 de
222 3598 381 3662 sententia
408 3596 541 3663 ferenda
563 3597 810 3664 declarationem
833 3599 1064 3682 subscriptione
1087 3617 1145 3664 sua
1168 3599 1322 3664 mumitam

153 3686 304 3752 ederent.

267 3770 388 3836 Verum
409 3771 442 3835 in
456 3771 518 3838 hoc
532 3776 624 3837 tanto
647 3772 783 3856 negotio,
797 3772 843 3837 l'e
863 3773 976 3856 ipsum,
1000 3772 1202 3839 Sanctissime
1216 3772 1322 3852 Pater,

148 3858 342 3925 adeundum
376 3874 446 3924 esse
479 3860 674 3937 censuimus,
708 3861 825 3960 quippe
854 3862 909 3941 qui
925 3879 955 3925 a
984 3859 1119 3925 Domino
1149 3862 1191 3926 od
1222 3877 1321 3941 agnos

149 3963 299 4027 ovesque
320 3947 514 4047 pascendum
537 3948 728 4012 constitutus
751 3948 927 4012 animarum
950 3945 1069 4012 Christi
1091 3947 1250 4028 Sanguine
1272 3964 1322 4011 re·

151 4033 271 4115 dempt
272 4051 363 4098 arum
385 4034 561 4133 principem
584 4040 681 4115 atque
702 4035 876 4116 piissimam
891 4053 1000 4101 curam
1023 4034 1121 4100 habes
1144 4040 1178 4099 et
1199 4034 1322 4116 pericu-

150 4115 296 4186 lorum'
287 4120 366 4201 rpsis
386 4119 617 4186 imminentium
640 4118 756 4186 affectu
777 4126 911 4203 patemo
935 4122 1105 4186 misereris.

266 4207 392 4273 Norumt
413 4209 622 4273 enimomnes
643 4214 678 4273 et
691 4207 899 4274 libentissime
920 4205 1118 4290 profitentur,
1141 4208 1226 4290 quod
1241 4209 1324 4274 siout

161 4310 276 4375 eorpus
309 4293 430 4376 absque
457 4295 561 4377 capite
590 4295 736 4361 mutilum
764 4293 1116 4377 est‚1tatOoucilium
1146 4294 1323 4429 Ecclesiam
