2946 4942
474 324 515 371 ott
535 322 688 371 bocrslrvh
710 322 886 371 blandust.
1221 315 1260 376 32

212 470 241 528 2.
276 461 311 529 Si
332 462 402 545 quis
423 463 597 544 negaverit,
621 461 792 528 humanam
814 459 935 528 Christi
957 470 1103 530 naturam
1125 466 1171 531 ita
1194 467 1261 533 Deo

101 551 210 617 Verbo
241 568 311 616 esse
347 550 486 628 unitam,
521 555 557 614 ut
591 549 731 614 Verbum
761 551 794 613 in
816 567 855 613 ea
878 556 1029 633 tanquam
1052 553 1112 618 sibi
1135 555 1263 636 propria

97 639 189 706 iacta
212 639 382 715 subsistat,
405 637 576 703 anathema
598 638 681 715 sita
883 698 889 709 ,

212 731 241 793 3.
276 725 401 806 Siquis
424 744 520 790 unam
542 743 708 806 personam
730 725 807 790 lesu
830 723 950 792 Christi
980 735 1130 810 tanquam
1153 729 1260 811 plures
1294 798 1307 817 χ

102 813 365 896 complectentem
387 812 551 894 intelligat,
577 811 717 894 duasque
741 814 772 877 in
795 815 945 895 mysterio
968 813 1086 881 Christi
1111 835 1263 898 personas

102 901 300 981 introducat,
334 900 471 966 divinam
495 905 527 965 et
548 900 728 978 humanam,
751 919 832 982 quae
855 921 937 967 nexu
960 902 1167 969 indissolubili
1188 905 1263 971 inde

102 1011 122 1056 a
147 988 353 1070 conceptione
377 987 571 1068 conjunctae,
594 1006 690 1053 unam
705 1007 874 1069 personam
890 992 1095 1071 compositam
1108 990 1262 1071 efficiant;

101 1078 278 1144 anathema
300 1077 351 1142 sit.
379 1075 405 1159 2)

185 1228 188 1233 .
211 1171 242 1229 4.
276 1163 310 1229 Si
332 1163 402 1244 quis
426 1163 547 1242 dixerit,
571 1169 619 1228 tot
642 1164 819 1228 necessario
834 1182 903 1228 esse
919 1181 1079 1247 personas,
1096 1175 1173 1248 quot
1188 1176 1264 1235 sunt

100 1253 285 1318 intellectus
307 1258 341 1316 et
363 1251 560 1329 voluntates3
584 1258 639 1315 aut
662 1255 778 1330 negata
802 1250 919 1333 duplici
934 1254 967 1316 in
983 1252 1110 1320 Christo
1125 1275 1263 1336 persona

100 1340 218 1422 negari
239 1340 396 1404 humanae
419 1345 553 1404 naturae
575 1337 818 1420 perfectionem;
841 1339 1010 1406 anathema
1032 1342 1082 1407 sit.

213 1432 243 1494 5.
274 1427 393 1508 Siquis
410 1425 569 1491 affirmare
584 1428 817 1506 praesumserit,
834 1425 1083 1495 satisfactionem
1099 1431 1260 1511 vicariam,

101 1517 199 1581 unius
222 1514 343 1580 scilicet
366 1513 550 1579 Mediatoris
571 1532 629 1595 pro
645 1514 765 1579 cunctis
781 1514 967 1596 hominibus,
979 1517 1123 1598 justitiae
1140 1519 1264 1585 divinae

101 1621 299 1685 repugnare,
324 1601 493 1666 anathema
515 1603 566 1666 sit.

214 1695 243 1756 6.
278 1689 311 1755 Si
334 1691 403 1770 quis
426 1707 488 1754 non
512 1688 707 1766 confiteatur,
730 1691 833 1771 ipsum
856 1690 959 1755 Deum
982 1693 1136 1773 Verbum,
1160 1693 1191 1758 in
1215 1710 1263 1758 aa·

101 1783 213 1844 sumta
242 1795 337 1844 carne
366 1776 515 1859 patiendo
550 1783 581 1840 et
603 1777 785 1855 moriendo,
810 1796 868 1858 pro
891 1781 1031 1859 peccatis
1054 1782 1172 1847 nostris
1195 1782 1263 1846 Dco

102 1867 249 1949 potuisse
283 1863 467 1931 satisfacere
497 1863 548 1928 vel
571 1883 644 1928 vere
667 1869 700 1927 et
723 1865 848 1947 proprie
872 1865 1083 1946 satisfecisse,
1109 1869 1263 1950 nobisque

101 1955 246 2037 gratiam
269 1957 301 2017 ct
324 1952 457 2034 gloriam
480 1952 646 2031 meruisse;
669 1951 840 2017 anathema
863 1954 946 2034 sit.³)

214 2048 243 2105 7.
278 2040 404 2121 Siquis
428 2039 491 2103 aha
513 2039 610 2120 impia
633 2039 781 2120 dogmata
803 2039 1004 2121 Apollinaris
1028 2042 1175 2121 Nestorii,
1199 2043 1264 2107 Eu·

102 2129 241 2212 tychctis
265 2129 314 2193 vel
339 2126 441 2209 Sergii
464 2146 483 2191 a
507 2125 560 2192 SS.
585 2126 731 2192 donantis
754 2127 935 2208 Ephesino,
960 2127 1210 2196 Chalcedonensi
1232 2135 1264 2195 et

102 2215 455 2297 Constantinopolitano
480 2215 629 2278 damnata
652 2213 808 2294 defendat,
833 2221 865 2280 et
894 2235 957 2281 non
980 2216 1168 2284 confiteatur
1190 2219 1264 2284 doc-

103 2305 225 2370 trinam
259 2303 298 2368 de
332 2304 481 2384 mysterio
505 2300 630 2380 Christi,
655 2321 736 2383 quae
759 2303 800 2366 ab
823 2303 933 2368 iisdem
958 2304 1090 2387 Synodis
1113 2313 1147 2371 et
1169 2309 1265 2372 Prac-

100 2392 326 2459 decessorihus
349 2390 473 2455 Nostris
497 2389 528 2454 S.
552 2392 656 2455 Leone
680 2396 712 2455 et
737 2392 767 2455 S.
784 2389 951 2471 Agathone
974 2393 1143 2474 declarata,
1169 2400 1266 2477 atque

101 2482 138 2546 in
161 2480 344 2545 Florentino
368 2476 508 2544 Concilio
532 2477 731 2542 oecumenico
756 2477 858 2542 denuo
882 2477 1066 2544 confirmata
1097 2487 1165 2562 est;
1189 2502 1267 2549 ana-

99 2568 213 2634 thema
234 2567 284 2632 sit.

644 2804 646 2810 ’
685 2811 723 2875 V.

468 2933 520 2998 De
540 2933 649 3015 pratia
675 2931 903 3013 Redemptoris.

217 3080 245 3141 l.
282 3073 314 3140 st
337 3075 406 3155 quis
430 3073 602 3154 negaverit,
625 3090 683 3152 per
705 3071 866 3138 Christum
879 3074 1121 3155 Redemptorem
1144 3077 1266 3142 instau-

102 3168 215 3228 ratum
238 3179 306 3228 esse
329 3163 471 3227 ordinem
494 3160 744 3241 supernaturalis
768 3161 904 3242 gratiae,
928 3162 1096 3228 anathema
1118 3164 1170 3228 sit.

216 3255 245 3317 2.
281 3249 314 3314 Si
344 3250 415 3331 quis
445 3249 579 3327 dixerit,
605 3246 860 3328 justificationem
883 3268 946 3314 non
969 3267 1050 3328 esse,
1074 3250 1135 3314 nisi
1157 3250 1267 3316 remis

101 3338 230 3404 sionem
266 3343 483 3419 peccatorum,
517 3341 574 3401 aut
596 3335 733 3417 gratiam
756 3333 1003 3401 sanctificantem
1025 3354 1088 3401 non
1112 3355 1181 3402 esse
1204 3338 1267 3406 nisi

102 3425 258 3504 favorem,
284 3442 346 3506 quc
369 3426 456 3490 Deus
480 3423 635 3488 hominem
658 3427 809 3504 tanquam
834 3430 959 3504 gratum
983 3431 1143 3507 acceptet,
1173 3444 1267 3508 para-

104 3519 225 3594 tusque
248 3515 290 3577 sit
312 3511 353 3577 ad
376 3513 498 3594 gratiae
508 3510 644 3578 actualis
661 3511 777 3575 auxilia
792 3512 1012 3589 coneedenda3
1029 3513 1199 3578 anathema
1210 3515 1262 3597 sit.

215 3604 244 3666 3.
278 3599 312 3664 Si
334 3601 405 3682 quis
427 3598 602 3681 negaverit,
626 3599 761 3679 gratiam
784 3596 1032 3665 sanctificantem
1057 3601 1172 3665 donum
1197 3618 1266 3668 esse

99 3686 352 3770 supernaturale
375 3704 564 3769 permanens
587 3689 621 3750 et
643 3685 676 3749 in
699 3687 805 3751 anima
826 3685 1011 3764 inhaerens3
1027 3687 1196 3753 anathema
1215 3689 1267 3754 sit.

216 3780 246 3839 4.
282 3774 408 3856 Siquis
432 3775 555 3853 dixerit
579 3773 735 3838 hominem
758 3774 827 3838 sine
848 3774 953 3854 gratia
975 3780 1008 3838 et
1030 3773 1269 3858 fidejustificari

106 3880 217 3928 coram
255 3862 322 3928 Deo
360 3862 428 3927 sola
464 3861 639 3928 divinorum
677 3862 894 3926 mandatorum
930 3861 1151 3940 observantia3
1192 3881 1268 3928 aua-

100 3950 218 4016 thema
240 3951 291 4016 sit.

223 4193 243 4262 ¹)
262 4191 302 4247 Cf.
321 4192 386 4262 Syn.
406 4193 451 4248 ill
470 4209 529 4248 can.
549 4173 573 4247 3⁹.
593 4191 655 4262 Syn.
677 4192 723 4246 lV.
743 4207 803 4246 can.
821 4194 846 4244 4.
1261 4264 1263 4269 μ

219 4261 581 4403 ᾊὲξοὲῒῐῗίγοαιξαῗθροο
601 4336 640 4388 12.
662 4363 693 4372 -
714 4331 796 4388 Cone.
814 4330 936 4389 Florent.
960 4330 1040 4389 Dect.
1058 4348 1110 4403 pro
1128 4332 1269 4390 Jacobitis.
