2946 4942
157 336 221 396 208
650 346 818 394 nosnatura

156 488 256 566 genio,
285 486 347 550 levi
370 483 606 549 Catholicorum
630 482 704 565 fide,
737 485 816 548 adeo
841 485 1021 562 inoleverit,
1055 486 1169 565 utqui
1198 486 1321 550 zizania

152 575 305 655 *stilligere
339 573 486 649 voluerit,
521 570 613 636 facile
647 571 786 634 eradicet
808 571 901 634 simul
933 590 1004 636 cum
1035 575 1079 636 eis
1112 581 1144 636 et
1176 574 1318 637 triticum

158 661 288 730 1Μ11111.
317 665 363 738 13,
389 661 464 739 211).
509 657 668 738 Numquid
691 659 788 739 igitur
817 658 980 724 Ecclesiae
1002 659 1142 740 expedit,
1174 667 1318 725 110110-

157 767 228 812 cere
251 749 335 811 sinat
357 753 490 825 utraque
523 763 621 825 usque
645 745 686 809 ad
708 763 841 810 messem
872 746 922 809 vel
945 745 1024 810 falce
1047 747 1170 810 zizania
1193 753 1318 812 evertat

157 833 308 915 oportet?
353 832 510 912 Quidquid
532 834 587 909 sit,
619 832 795 896 consultum
819 833 944 897 videtur
974 852 1031 915 pro
1062 835 1237 898 universali
1261 833 1317 897 Ec-

155 921 252 985 clesia
286 921 325 983 de
357 921 461 983 mixtis
495 921 702 983 matrimoniis
736 926 841 983 certas
875 926 1016 984 statuere
1048 920 1135 1001 leges
1169 920 1221 984 vel
1253 923 1316 1003 jam

155 1013 293 1072 statutas
309 1006 489 1071 solemniter
511 1008 664 1070 innovare
688 1012 783 1086 atque
798 1006 965 1087 Episcopis
981 1006 1064 1072 serio
1087 1007 1260 1089 inculcare,
1283 1015 1318 1089 11

155 1094 302 1159 uniformi
325 1095 413 1174 praxi
443 1093 559 1173 ubique
584 1099 741 1157 terrarum
771 1095 862 1175 juxta
884 1095 972 1175 leges
1004 1093 1151 1158 ferendas
1175 1101 1209 1159 et
1233 1096 1317 1160 latas

156 1187 266 1247 contra
295 1183 393 1245 mixta
424 1181 622 1243 matrimonia
648 1181 833 1260 procedant.
883 1181 965 1244 Nam
999 1182 1026 1244 si
1056 1182 1180 1245 diversa
1211 1184 1315 1263 praxis

154 1269 215 1335 huc
237 1269 313 1333 illuc
335 1269 375 1332 ab
403 1266 566 1349 Episcopis
583 1273 736 1345 servetur,
761 1269 919 1350 integrum
936 1269 998 1332 odii
1021 1268 1144 1350 pondus
1168 1276 1316 1350 exparte

153 1357 319 1437 impiorum
352 1355 447 1420 cadat
478 1356 511 1417 in
535 1354 726 1436 Episcopum
749 1373 877 1419 necesse
901 1360 963 1435 est,
998 1356 1053 1435 qui
1083 1355 1317 1422 ecclesiasticas

153 1442 241 1524 leges
265 1443 439 1523 exequitur.

261 1530 351 1606 Quod
384 1529 411 1591 si
444 1546 517 1592 vero
551 1529 701 1609 conjuges
739 1535 992 1608 transgressores
1026 1530 1168 1610 nuspiam
1210 1530 1319 1612 aliqua

155 1617 295 1681 Censura
318 1614 442 1696 poenali
465 1613 629 1694 feriuntur,
655 1615 731 1679 ordo
748 1616 985 1680 matrimonialis
1009 1622 1041 1681 et
1057 1615 1223 1682 Ecclesiae
1245 1637 1318 1683 auc·

153 1705 268 1768 toritas
291 1703 407 1783 ubique
435 1719 587 1767 concussa
619 1702 813 1784 pedetentim
845 1705 995 1769 concidet.
1049 1702 1130 1767 Nam
1161 1705 1320 1771 scandala

153 1790 280 1870 publica
302 1788 427 1870 poenali
449 1791 515 1853 ictu
545 1808 607 1853 nou
631 1789 765 1869 amplius
794 1790 956 1855 vindicata
978 1794 1143 1872 contegam
1166 1793 1318 1858 uitiorum

154 1879 237 1940 inter
266 1875 375 1942 fideles
405 1876 603 1958 dispergunt,
639 1876 863 1956 christianique
894 1879 1087 1942 matrimonii
1108 1879 1255 1944 ordinem
1285 1887 1320 1946 01

152 1965 355 2028 sanctitatem
389 1964 522 2028 diruent.
574 1963 751 2027 Arceantur
784 1964 882 2043 igitur
917 1965 957 2029 de
979 1964 1141 2029 Ecclesiae
1175 1968 1250 2032 sinu
1285 1975 1320 2033 01

153 2052 335 2134 rejiciantur
358 2070 377 2114 a
400 2051 617 2116 communione
632 2050 699 2129 ejus
722 2049 794 2114 falsi
816 2053 952 2115 nominis
976 2049 1131 2117 Catholici
1154 2055 1318 2136 conjuges,

153 2140 206 2217 qni
240 2144 388 2219 protervo
422 2137 513 2201 vultu
546 2138 794 2223 sapientissimas
828 2139 989 2204 Ecclesiae
1028 2139 1115 2220 leges
1150 2144 1182 2204 et
1220 2139 1317 2207 fidem

154 2224 340 2289 catholicam
363 2224 401 2287 de
425 2223 700 2288 indissolubilitate
723 2232 756 2288 et
779 2227 902 2291 unitate
925 2227 1118 2290 matrimonii
1140 2227 1319 2308 infringere

153 2312 288 2389 audent3
318 2311 539 2376 rescindantur
561 2310 639 2377 haec
661 2312 791 2394 putrida
820 2315 961 2379 membra
985 2332 1005 2378 a
1026 2313 1148 2394 reliquo
1172 2333 1316 2397 corpore,

152 2405 188 2462 ut
208 2418 273 2465 una
303 2417 374 2465 cum
396 2398 481 2462 sanis
511 2399 658 2462 membris
682 2416 795 2480 corpus
824 2405 951 2466 maneat
980 2401 1159 2483 integrum,
1190 2402 1317 2468 salvum

152 2495 251 2567 atque
273 2485 425 2550 illaesum.

258 2574 347 2650 Quae
370 2591 439 2637 cum
463 2575 509 2639 ita
530 2573 594 2636 sint
617 2573 819 2637 statuendum
842 2591 912 2639 esse
935 2575 1060 2656 opinor:

260 2664 288 2724 1.
319 2658 435 2725 Omnes
451 2660 624 2742 Episcopos
647 2677 727 2724 novo
742 2661 968 2726 matrimoniali
991 2662 1128 2727 Decreto
1145 2682 1165 2726 a
1181 2661 1215 2728 S.
1232 2662 1314 2729 Con·

152 2746 223 2811 cilio
245 2747 398 2812 Vaticano
432 2747 572 2828 proxime
603 2745 730 2812 ferendo
764 2751 866 2813 teneri
890 2749 1046 2830 publicam
1081 2768 1118 2813 ac
1140 2751 1312 2816 solemnem

152 2831 491 2898 Excommunicationis
508 2833 706 2899 Sententiam
728 2833 795 2899 iere
818 2835 851 2898 in
875 2837 1025 2919 conjuges
1040 2838 1313 2917 praevaricatores

153 2920 211 2983 sub
245 2938 329 2986 num.
365 2927 393 2987 1.
426 2925 455 2987 2.
485 2925 568 2986 013.
598 2938 693 3002 supra
727 2928 997 3002 commemoratos,
1032 2941 1113 3004 quae
1144 2923 1312 2991 Sententia

152 3025 277 3088 semper
299 3026 318 3071 a
340 3007 492 3073 Parochis
515 3007 625 3073 diebus
646 3009 809 3074 dominicis
832 3009 881 3074 vel
904 3009 994 3083 festis
1017 3028 1035 3075 e
1057 3029 1156 3093 prono
1173 3013 1312 3093 promul-

152 3094 255 3175 ganda
267 3096 418 3177 jubeatur
431 3096 464 3159 in
479 3095 623 3161 Ecclesia
645 3095 829 3177 parochiali,
852 3097 1004 3178 adquam
1020 3098 1171 3180 conjuges
1187 3101 1237 3165 rei
1259 3117 1309 3181 per

153 3182 344 3248 domicilium
367 3198 516 3264 praesens
539 3183 707 3264 pertinent.

259 3274 288 3336 2.
320 3268 520 3334 Facultatem
546 3269 758 3349 dispensandi
791 3269 829 3333 de
858 3271 1080 3351 impedimento
1107 3271 1307 3351 disparitatis

154 3355 256 3421 cultus
273 3355 462 3420 Ordiouro‘is
484 3356 623 3421 10001111
639 3374 708 3421 0001
724 3357 956 3438 remittendam,
972 3375 1105 3439 quorum
1121 3360 1306 3424 conscientia

153 3443 315 3508 oneranda
338 3446 398 3522 est,
430 3447 465 3507 ut
492 3445 615 3508 nonnisi
646 3444 704 3509 sub
736 3446 884 3525 gravibus
909 3443 1011 3510 causis
1040 3449 1071 3510 et
1101 3451 1236 3527 urgente
1258 3464 1304 3510 ne·

154 3532 304 3596 cessitate
334 3536 429 3611 atque
460 3530 591 3612 singulis
619 3532 738 3596 vicibus
762 3533 887 3596 nonnisi
918 3537 991 3613 post
1023 3538 1167 3597 01001011
1198 3550 1304 3598 causor

152 3618 396 3700 recopuih'ouem
415 3618 534 3700 judicio
557 3617 607 3682 vel
630 3617 855 3682 Sententiam
879 3617 1073 3684 Consistorio
1097 3619 1166 3683 1010
1191 3619 1301 3702 dispen-

154 3705 308 3769 sationem
332 3704 371 3768 de
394 3705 579 3787 disparitate
603 3706 707 3769 cultus
723 3704 772 3768 vel
795 3706 968 3770 concedere
990 3706 1040 3771 vel
1062 3705 1202 3770 abnuere
1223 3712 1301 3770 tene·

153 3800 248 3856 antur
272 3799 304 3856 et
336 3797 504 3872 utrumque
532 3793 631 3873 gratis
655 3793 789 3857 omnino.
840 3793 888 3856 Ea
910 3794 1101 3875 procedendi
1131 3794 1256 3858 ratione
1275 3792 1301 3852 et

153 3878 255 3944 forma
277 3883 403 3944 servata
432 3898 583 3944 numerus
609 3881 776 3944 mixtomm
807 3881 1079 3944 matrimoniorum
1107 3880 1241 3944 multum
1263 3877 1299 3941 di·

153 3967 357 4033 minueretur.

259 4053 386 4119 Summo
410 4059 441 4120 et
463 4055 594 4136 perenni
616 4054 703 4119 cultu
725 4071 911 4135 permanere
932 4054 1034 4120 laetor

258 4158 378 4224 Romae
404 4163 454 4226 19.
478 4159 576 4241 April.
602 4163 695 4226 1810.

457 4248 477 4330 †
501 4245 633 4312 Carolus
656 4247 795 4313 loannes
818 4245 937 4330 Creith,
959 4245 1019 4330 Ep.
1043 4245 1260 4327 sangallensis.

627 4395 838 4404 m--a
