2946 4942
640 317 679 362 nn
702 315 878 364 nncienma
1257 298 1326 365 155¹

269 452 394 519 aboleri
416 454 571 535 imprimis
595 459 723 536 optatur
747 454 834 534 haee,
859 454 938 521 beul
963 461 1027 520 tam
1056 455 1203 537 frequens
1226 458 1323 525 nulli-

154 541 239 606 tatis
263 540 532 622 dispensationum
556 557 755 623 consequae
778 543 956 609 exineestu
979 545 1130 624 procedit.
1175 544 1265 623 item,
1289 550 1322 608 et

153 626 216 694 illa
237 628 311 711 styli
333 628 452 710 regula,
472 629 564 709 juxta
587 647 682 708 quam
705 631 818 707 omnia,
841 631 874 693 in
897 631 1067 711 rescriptis,
1091 630 1149 695 sub
1170 632 1318 697 irritante

156 715 340 782 conditione
371 715 452 796 exigi
481 716 748 796 interpretantur,
784 735 866 797 quae
890 717 1027 782 ablativo
1051 718 1194 783 absolate
1218 721 1321 801 expri-

155 808 298 868 muntur.
343 802 420 866 Inde
444 802 599 883 siquidem
623 808 700 885 quot
722 804 900 869 scaturiant
927 804 1106 883 nullitateS,
1140 825 1177 869 ex
1200 805 1321 871 confes-

155 891 330 967 sariorum,
366 889 573 971 parochorum
608 897 640 953 et
673 890 852 955 officialium
885 893 1125 969 inadverteutia,
1160 893 1212 958 vix
1234 894 1321 958 credi

154 978 280 1059 potest!

392 1168 443 1232 De
466 1169 589 1232 Iudices
611 1169 764 1232 librorum
789 1171 909 1252 regalis
933 1178 962 1234 et
980 1172 1091 1249 preat.

266 1325 444 1406 Perlegenti
467 1327 579 1406 cuique
602 1327 730 1406 regulas
757 1327 868 1391 indicis
903 1327 1054 1391 librorum
1089 1327 1317 1408 prohibitorum

153 1430 242 1493 quae
264 1413 427 1495 peuerates
450 1412 613 1491 dicuntur,
638 1412 740 1491 facile,
774 1420 810 1477 ut
832 1414 973 1494 videtur,
1005 1415 1171 1495 apparebit
1194 1434 1232 1480 ex
1254 1414 1317 1478 illis

153 1499 279 1582 regulis
302 1500 433 1578 multae,
469 1500 544 1564 licet
567 1519 604 1564 ea
627 1519 689 1580 qua
712 1501 815 1566 editae
850 1507 925 1565 sunt
958 1507 1063 1566 aetate
1087 1503 1317 1583 sapientissimo

151 1586 314 1666 conditas,
338 1605 429 1667 nunc,
453 1593 541 1652 statu
563 1589 723 1652 societatis
746 1588 911 1668 humanae,
936 1589 1070 1653 maxime
1085 1607 1173 1654 -vero
1196 1589 1242 1653 rei
1263 1589 1316 1653 lit-

151 1675 306 1746 aoranae,
336 1676 450 1754 ubique
483 1682 515 1739 et
536 1675 688 1739 radicitus
711 1682 842 1754 mutato,
878 1676 994 1756 partim
1013 1676 1080 1758 jam
1104 1683 1155 1741 sat
1177 1675 1313 1755 inutiles,

152 1761 275 1844 partim
299 1762 469 1827 observatu
493 1763 625 1826 maximo
649 1760 806 1842 difficiles,
843 1764 966 1844 ahquas
989 1764 1084 1826 etiam
1108 1764 1315 1844 impossibiles

153 1849 305 1914 evasisse.
362 1848 440 1913 Inde
476 1848 511 1913 tit
545 1856 581 1913 ut
615 1850 843 1914 catholicorum
878 1851 1086 1915 conscientiae
1121 1851 1191 1931 plus
1222 1869 1315 1931 qoam

154 1955 294 2017 aequum
319 1942 412 2000 esset·
426 1941 608 2016 graventur,
632 1937 786 2018 scrupulis
810 1938 980 2002 innumeris
1004 1938 1172 2002 anxientur
1194 1939 1316 2020 gravis-

153 2025 319 2104 simaeque
352 2031 549 2104 exponantur
580 2025 747 2089 tentationi
771 2025 855 2104 leges
890 2025 1049 2105 praesenti
1080 2043 1183 2089 rerum
1216 2027 1315 2089 statui

152 2112 205 2176 ita
228 2129 338 2192 parurn
370 2113 624 2176 accommodatas
657 2113 936 2193 praetermittendi.
984 2111 1117 2176 Omnino
1140 2113 1238 2194 igitur
1260 2130 1315 2177 ue-

154 2215 246 2262 cesse
270 2204 303 2262 et
325 2217 442 2281 urgens
466 2204 550 2263 esset
573 2206 607 2262 ut
630 2200 703 2264 illae
733 2200 861 2279 regulae
885 2207 916 2263 et
948 2202 1092 2264 uniuersa
1116 2217 1166 2264 res
1189 2199 1313 2276 indicis,

152 2303 239 2350 novo
261 2304 390 2367 prorsus
413 2287 521 2365 modo,
545 2293 672 2351 nostrae
698 2289 794 2351 aetati
819 2287 930 2351 arelius
963 2293 1173 2368 attemperate
1205 2295 1236 2352 et
1260 2288 1315 2351 ob-

152 2378 286 2438 servata
307 2371 449 2452 faciliori,
473 2375 734 2439 instaurarentur.

263 2459 353 2537 Quod
385 2479 459 2525 vero
490 2467 612 2542 spectat
635 2463 674 2525 ad
706 2461 912 2542 particulares
946 2461 1097 2525 librorum
1127 2461 1314 2525 condemna-

149 2549 268 2625 tiones,
291 2555 473 2613 reverenter
488 2548 678 2630 postulatur,
703 2556 736 2611 ut
752 2567 911 2629 nunquam
926 2548 1006 2613 liber
1021 2548 1135 2629 aliquis
1151 2547 1313 2628 scriptoris

151 2633 312 2713 catholici,
336 2636 471 2699 maxime
494 2637 520 2699 si
545 2637 587 2699 sit
610 2637 657 2699 vir
681 2635 791 2717 optimi
813 2637 956 2717 nominis,
980 2634 1046 2700 aS.
1064 2633 1313 2717 Congregatioue

151 2721 339 2802 damnetur,
374 2723 450 2803 quin
477 2723 565 2803 prius
586 2728 696 2789 auctor
729 2725 945 2804 praemonitus
968 2721 1078 2802 fuerit,
1115 2741 1152 2787 eo
1186 2719 1247 2784 fine
1278 2729 1313 2785 ut

150 2810 256 2891 possit
278 2815 345 2874 tum
368 2810 604 2874 observationes
639 2815 671 2875 et
698 2810 918 2891 explicationes
951 2815 1144 2892 opportunas
1167 2808 1313 2889 suppedi-

149 2902 235 2973 tare,
257 2901 324 2961 tnm
348 2898 444 2961 etiam
461 2916 500 2962 ea
516 2915 684 2979 suggerere
699 2899 811 2977 media,
836 2897 948 2978 quibus
964 2916 1066 2979 saepe,
1090 2916 1124 2961 re
1140 2896 1313 2978 prudenter

151 2980 189 3048 et
211 2985 375 3050 caritative
403 2985 648 3065 accommodata,
680 2985 830 3050 damnum
863 2986 1021 3066 publicum
1052 2980 1313 3049 sufficientissime

150 3071 249 3136 vitari
271 3079 391 3153 posset,
426 3073 501 3154 quin
533 3073 574 3137 ad
597 3072 709 3137 librum
743 3072 920 3137 formaliter
942 3071 1213 3137 condemnandum
1237 3088 1312 3134 auc-

148 3166 318 3239 toremque
349 3158 479 3224 infamia
512 3160 767 3240 respergendum,
803 3159 1012 3225 deveniretur.
1059 3157 1197 3240 Optatur
1220 3176 1311 3238 prae·

149 3252 244 3311 terea
266 3251 302 3310 ut
325 3246 355 3311 S.
379 3247 494 3312 Indicis
512 3245 724 3328 congregatio
743 3247 906 3312 moderate
929 3265 1053 3327 semper
1075 3245 1310 3326 toleranterque

150 3351 188 3398 se
214 3340 307 3414 gerat
338 3353 414 3416 erga
448 3335 610 3416 opiniones
633 3353 729 3416 quae,
762 3335 835 3398 licet
869 3352 982 3399 revera
1012 3335 1115 3398 minus
1149 3332 1310 3414 probatae,

149 3439 314 3503 nunquam
343 3429 448 3486 tamen
481 3421 656 3486 formaliter
683 3423 852 3486 damnatae
880 3420 1004 3486 fuerint.
1050 3421 1146 3499 item,
1182 3425 1217 3483 ut
1239 3417 1311 3482 libri

151 3514 318 3579 auctorum
349 3509 589 3590 catholicorum,
623 3511 655 3573 in
689 3509 801 3590 quibus
835 3528 957 3574 errores
992 3509 1111 3589 aliquos
1145 3507 1310 3587 irrepsisse

151 3596 312 3673 evenerit,
341 3613 403 3661 non
426 3616 504 3678 pure
527 3602 559 3661 et
582 3596 766 3678 simpliciter
789 3597 1049 3675 condemnentur,
1085 3594 1195 3658 eodem
1218 3593 1310 3658 modo

151 3686 186 3747 et
209 3682 291 3764 stylo
315 3702 353 3748 ac
375 3684 502 3764 pessimi
535 3684 702 3765 impiorum
733 3691 765 3748 et
788 3685 1014 3749 obscoenorum
1044 3682 1205 3746 hominum
1227 3680 1309 3758 libri,

148 3769 344 3834 adhibeatur
365 3790 440 3836 vero
463 3770 598 3836 formula
632 3771 738 3852 aliqua
760 3772 919 3852 specialis,
955 3771 1045 3852 cujus
1077 3787 1136 3851 ope
1160 3769 1232 3834 boni
1255 3785 1310 3832 no·

151 3857 244 3922 minis
268 3857 327 3921 viri
350 3876 420 3922 cum
443 3857 611 3921 infamibus
635 3859 840 3939 scriptoribus
870 3857 1015 3923 confundi
1048 3875 1108 3921 nou
1131 3856 1308 3920 videantur.

469 4120 471 4124 ,
509 4066 560 4131 De
583 4067 746 4132 revisendo
774 4067 950 4131 Breviorc'o.

258 4205 441 4288 Opportune
457 4205 683 4271 reformaretur
697 4206 910 4285 Breviarium;
929 4205 1111 4286 praecipue:
1127 4202 1232 4284 quoad
1246 4202 1309 4269 lec.-

154 4291 267 4373 tiones,
303 4294 343 4359 ab
378 4293 517 4360 historiis
540 4293 728 4376 apocryphis
762 4311 824 4358 uon
858 4293 938 4358 satis
969 4296 1171 4374 expurgatam
1205 4288 1310 4371 quoad
