2946 4942
210 268 251 329 24
590 282 782 332 sousrrnomo
806 282 978 333 noannner

206 421 397 503 stituuntur,
432 423 496 489 vim
517 441 555 489 ac
577 423 718 491 valorem
741 441 804 490 non
825 422 955 504 hahere,
978 421 1039 488 nisi
1061 424 1232 504 potestatis
1254 439 1367 491 saecu-

205 509 282 574 laris
303 511 421 591 placito
445 508 677 577 confirmentur.

311 599 354 663 Et
387 597 535 680 quoniam
568 598 674 664 divino
708 597 880 680 Apostolici
913 600 1066 681 primatus
1100 600 1172 681 jure
1204 599 1384 666 Romanus·

205 683 351 751 Pontifex
373 686 540 769 universae
562 685 724 753 Ecclesiae
745 691 892 767 praeest,
917 687 1062 753 docemus
1084 688 1183 752 etiam
1205 693 1239 753 et
1262 685 1366 753 decla-

205 789 323 853 ramus,
347 790 419 839 eum
442 790 513 839 esse
532 773 671 854 jndicem
693 790 875 856 supremum
897 771 1046 853 fidelium,
1068 775 1093 857 1)
1118 779 1151 839 et
1173 775 1206 839 in
1221 774 1365 840 omnihus

206 860 311 926 causis
344 861 389 926 ad
416 879 548 926 examen
579 861 825 928 ecclesiasticum
848 863 1065 943 spectantibus
1088 861 1129 927 ad
1150 862 1250 944 ipsius
1273 880 1367 943 posse

202 947 353 1028 jndioium
386 949 523 1028 recurri;
548 951 575 1026 ²)
610 947 700 1015 Sedis
722 967 797 1015 vero
819 949 1038 1031 Apostolicae,
1063 949 1152 1032 crpus
1175 949 1367 1016 auctoritate

205 1033 307 1116 major
338 1054 400 1102 non
434 1042 498 1116 est,
530 1034 683 1116 jndicium
705 1056 726 1102 a
747 1037 873 1103 nemine
894 1036 961 1102 lore
984 1036 1237 1116 retractandum,
1263 1055 1367 1118 neque

80 1164 83 1170 -
206 1123 350 1204 cuiquam
374 1124 414 1189 de
436 1124 505 1205 eJus
527 1122 622 1188 licere
641 1123 783 1205 jndicare
803 1124 932 1205 jndicio.
960 1126 986 1207 ³)
1031 1123 1137 1201 Quare
1158 1144 1179 1190 a
1200 1137 1290 1190 recto
1313 1144 1366 1191 ve·

206 1209 310 1275 nitatis
344 1211 472 1276 tramite
505 1210 667 1291 aberrant,
692 1212 746 1293 qui
768 1209 947 1291 affirmant,
971 1211 1068 1278 licere
1095 1212 1136 1278 ah
1154 1211 1283 1292 judiciis
1305 1213 1368 1279 Ro-

206 1315 370 1364 manorum
391 1296 579 1385 Pontificum
612 1298 653 1364 ad
686 1301 917 1365 oecumenicum
941 1298 1116 1366 Concilium
1150 1305 1300 1381 tanqmm
1323 1300 1367 1366 ad

205 1386 427 1452 auctoritatem
449 1385 593 1452 Romano
615 1385 765 1452 Pontifice
792 1387 986 1469 superiorem
1008 1386 1178 1468 appellare.

239 1514 241 1518 -
311 1471 344 1538 Si
367 1473 436 1554 quis
459 1473 566 1555 itaque
588 1473 713 1555 dixerit,
736 1473 912 1539 Romanum
935 1471 1121 1540 Pontificem
1155 1473 1273 1540 habere
1297 1479 1367 1541 tan·

206 1560 368 1626 tummodo
391 1557 529 1628 officium
550 1560 754 1643 inspectionis
770 1560 821 1627 vel
837 1561 1027 1641 directionis,
1042 1579 1106 1627 non
1118 1567 1225 1626 antem
1240 1561 1367 1643 plenam

207 1653 240 1714 et
268 1664 448 1730 supremam
469 1653 660 1730 potestatem
677 1649 908 1732 jurisdictionis
929 1650 962 1715 in
984 1649 1163 1714 universam
1178 1648 1366 1729 Ecclesiam,

207 1752 271 1802 non
293 1735 396 1801 solum
418 1735 451 1801 in
474 1736 581 1816 rebus,
603 1755 687 1818 quae
711 1736 753 1801 ad
774 1733 869 1801 fidem
892 1742 925 1802 et
947 1754 1059 1817 mores,
1083 1736 1138 1804 sed
1155 1737 1251 1802 etiam
1266 1737 1300 1800 in
1315 1737 1366 1816 iis,

206 1841 289 1904 quae
324 1823 366 1889 ad
401 1822 600 1905 disciplinam
633 1828 666 1888 et
698 1823 840 1904 regimen
863 1822 1028 1890 Ecclesiae
1050 1842 1108 1906 per
1129 1828 1231 1889 totum
1255 1823 1367 1889 orbem

207 1908 339 1976 diffusae
361 1911 538 1995 pertinent;
559 1916 617 1976 aut
638 1929 711 1977 eum
732 1912 850 1977 hahere
873 1916 1000 1976 tantum
1015 1913 1154 1993 potiores
1168 1917 1287 1992 partes,
1303 1930 1368 1976 non

207 2015 282 2065 vero
304 2002 405 2064 totam
426 1998 654 2080 plenitudinem
675 1998 769 2082 hujus
792 2017 959 2079 supremae
988 2001 1173 2080 potestatis;
1206 2003 1263 2064 aut
1285 1997 1369 2064 hanc

207 2084 275 2166 ejus
308 2091 498 2168 potestatem
529 2104 592 2152 non
627 2104 696 2152 esse
729 2083 922 2151 ordinariam
954 2092 986 2152 et
1008 2086 1224 2151 immediatam
1246 2086 1311 2151 sive
1334 2088 1369 2150 in

208 2190 317 2239 omnes
339 2191 377 2238 ac
399 2172 540 2254 singulas
563 2173 712 2240 eeclesias
736 2173 802 2239 sive
824 2173 857 2239 in
880 2191 988 2240 omnes
1012 2181 1045 2240 et
1067 2173 1207 2254 singulos
1222 2180 1369 2254 pastores

208 2263 241 2326 et
263 2257 392 2351 fideles3
416 2259 587 2329 anathema
609 2263 660 2326 sit

683 2486 819 2553 CAPUT
842 2487 896 2553 IV.

376 2608 428 2674 Dc
450 2609 591 2675 Romani
613 2608 783 2690 Pontificio
805 2608 981 2689 infallibili
1002 2608 1206 2691 Mepisierio.

313 2748 386 2830 Ipso
410 2753 517 2813 autem
538 2748 721 2830 Apostolioo
743 2749 895 2830 primatu,
919 2766 1013 2830 quem
1036 2747 1197 2813 Romanus
1221 2743 1370 2813 Pontifex

207 2837 358 2915 tanquam
392 2835 480 2901 Petri
510 2835 659 2917 principis
684 2834 906 2919 Apostolorum
941 2852 1105 2901 successor
1131 2835 1163 2899 in
1187 2835 1369 2899 nniversam

208 2920 381 2987 Ecclesiam
411 2923 553 3003 obtinet,
588 2940 765 3004 supremam
803 2941 926 3005 quoque
960 2923 1137 3005 magisterii
1170 2927 1369 3003 potestatem

209 3009 446 3091 comprehendi,
468 3009 548 3076 haec
570 3008 688 3076 Sancta
710 3008 807 3076 Sedes
830 3027 954 3092 semper
976 3011 1086 3085 tenuit,
1110 3014 1283 3091 perpetuus
1307 3005 1369 3072 Ec-

209 3094 323 3162 clesiae
356 3114 433 3163 usus
456 3098 654 3180 comprobat,
689 3099 822 3180 ipsaque
844 3099 1045 3163 oecumenica
1068 3094 1227 3176 Concilio,
1250 3113 1288 3160 ea
1310 3097 1370 3159 im·
1413 3145 1417 3149 .

208 3182 337 3266 primis,
369 3185 403 3250 in
433 3185 545 3268 quihus
568 3182 681 3251 Oriens
705 3202 775 3250 cum
798 3184 967 3251 Occidente
990 3184 1022 3249 in
1045 3182 1120 3249 fidei
1142 3181 1370 3263 charitatisque

207 3271 356 3337 unionem
379 3273 593 3354 conveniebat,
611 3271 864 3338 declaraverunt.
909 3271 1023 3337 Patres
1039 3270 1121 3337 enim
1138 3266 1268 3336 Concilii
1283 3266 1367 3334 Oon·

210 3360 484 3441 stautinopolitani
517 3361 640 3441 quarti,
674 3359 830 3441 majorum
862 3359 1004 3442 vestigiis
1037 3358 1251 3439 inhaerentes,
1285 3356 1371 3422 hanc

211 3445 382 3513 solemnem
405 3447 570 3513 ediderunt
590 3445 837 3530 professionem:
860 3445 966 3511 Prima
988 3445 1075 3512 salus
1098 3451 1155 3525 est,
1173 3450 1280 3510 rectae
1294 3443 1372 3509 fidei

209 3534 354 3616 regulam
388 3534 555 3602 custadire.
609 3532 654 3599 Et
684 3534 758 3616 quia
791 3551 854 3600 non
886 3539 994 3617 potest
1016 3533 1142 3598 Domini
1165 3533 1266 3598 nostri
1290 3533 1371 3597 Jesu

210 3615 328 3687 Christi
349 3620 562 3705 praetermitti
583 3621 743 3688 sententia
765 3618 917 3688 dicentis:
940 3620 988 3686 Tu
1012 3638 1045 3686 es
1068 3618 1193 3699 Petrus,
1217 3625 1250 3685 et
1271 3634 1371 3702 super

209 3708 292 3774 hanc
313 3714 437 3791 petram
460 3707 634 3775 aedificabo
657 3708 836 3774 Ecclesiam
850 3724 962 3788 meam,
980 3707 1067 3786 haec,
1084 3725 1165 3789 quae
1181 3707 1267 3773 dicta
1283 3711 1370 3785 sunt,

210 3810 316 3861 rernm
338 3792 514 3878 probantur
536 3794 707 3876 effectibus,
732 3796 806 3877 quia
820 3795 853 3860 in
869 3793 949 3861 Sede
965 3792 1147 3878 Apostoliea
1162 3789 1371 3861 immaculata

211 3886 260 3949 est
281 3898 406 3967 semper
429 3882 584 3950 cathohca
605 3888 769 3949 reservata
790 3881 911 3965 religio,
936 3888 968 3948 et
990 3887 1102 3948 sancta
1126 3881 1284 3949 celebrata
1297 3880 1372 3945 doc-

212 3969 305 4038 trina.
361 3968 411 4038 Ah
443 3968 540 4054 hujus
575 3988 652 4054 ergo
685 3966 748 4035 fide
780 3975 812 4036 et
835 3968 978 4035 doctrina
1001 3970 1143 4053 separari
1162 3967 1291 4049 *minime
1314 3985 1372 4032 cu-

212 4092 422 4106 *-

320 4145 331 4178 ¹
358 4142 402 4198 Pii
419 4144 473 4203 PP.
492 4142 540 4203 Vl.
557 4142 645 4199 Breve
664 4142 771 4213 ,Super
790 4140 947 4198 soliditate“
968 4142 993 4196 d.
1012 4144 1056 4200 28.
1074 4140 1143 4198 Nor.
1164 4140 1241 4197 mec.

321 4213 332 4247 ²
362 4212 465 4269 Ooncil.
484 4213 594 4270 Oscum.
612 4213 735 4281 lugdun.
755 4213 791 4266 11.

320 4282 340 4348 ⁸)
358 4281 413 4351 Ep.
432 4299 453 4338 s.
473 4284 580 4340 Nicolsi
598 4284 620 4341 1.
638 4283 674 4337 ad
692 4281 856 4338 Michaelem
874 4282 1079 4349 Imperatorem.
