2954 4936
568 314 609 362 DE
631 313 775 363 memsam
796 313 925 363 cuniam.
1282 302 1321 360 ὃὸ

164 457 268 522 media
301 475 366 523 non
396 457 558 536 deessent,
592 456 866 538 providentissima
899 463 1004 520 mater
1034 453 1177 519 Ecclesia
1199 469 1324 534 semper

166 544 276 611 sedulo
310 545 442 611 amavit.
495 544 598 626 Leges
631 545 715 611 enim
744 562 802 626 pro
826 560 949 612 summa
971 542 1160 606 auctoritate
1182 539 1233 605 vel
1255 540 1325 620 ipsa

165 633 238 697 tulit
259 632 311 696 vel
334 632 572 698 assuetissimis
588 632 664 697 viris
679 633 858 714 propositas
873 630 1029 712 probavit,
1047 629 1159 710 quibus
1175 627 1324 709 religiosa

163 720 232 786 vitu
253 727 286 784 et
306 719 459 800 professio
482 717 574 784 firma
596 736 634 784 ac
658 725 729 784 tuta
752 719 948 798 consisteret,
965 723 1001 782 ut
1016 717 1057 781 ad
1074 722 1216 780 sanctum
1232 733 1323 780 suum

165 806 259 872 finem
294 808 494 891 dirigeretur.
551 806 702 884 Quamvis
732 806 830 888 igitur
854 825 915 870 non
939 822 1047 871 omnes
1070 810 1172 870 vocati
1196 805 1260 868 sint
1281 803 1324 868 ad

165 896 246 960 banc
268 896 355 960 vitae
377 896 532 960 rationem
555 896 586 959 in
610 894 748 959 consiliis
783 893 971 975 evangelicis
994 891 1171 957 voluntarie
1193 909 1229 956 ac
1252 909 1323 972 per·

165 987 280 1064 petuas
314 983 531 1064 paupertatis
567 981 795 1060 continentiae,
831 989 863 1045 et
893 980 1092 1047 obedientiae
1114 978 1322 1061 sequendam:

166 1075 305 1134 attamen
329 1088 367 1134 ex
389 1070 549 1135 constanti
571 1067 735 1134 Ecclesiae
758 1068 970 1134 declaratione
992 1073 1089 1149 atque
1104 1085 1164 1131 usu
1179 1067 1323 1131 omnibus

164 1174 295 1222 necesse
317 1163 367 1221 est
389 1157 567 1226 aestimare,
593 1175 664 1222 eam
689 1156 1057 1238 apostolicaedoctrinae
1080 1160 1322 1220 consentaneam

165 1261 235 1309 csse
257 1249 292 1308 et
314 1245 356 1308 ad
379 1244 581 1310 christianam
604 1243 832 1326 perlectionem
855 1243 1039 1308 conducere.
1064 1242 1190 1320 livero,
1206 1241 1323 1322 quibus

164 1331 274 1396 datum
308 1336 356 1396 est
379 1350 399 1396 a
420 1331 517 1396 Patre
540 1329 702 1396 Christum
736 1336 902 1397 vocantem
925 1330 1034 1394 audire
1057 1336 1090 1393 et
1112 1329 1215 1408 sequi,
1237 1327 1324 1393 ultra

164 1425 405 1500 praeceptorum
439 1419 692 1484 observationem
721 1419 850 1484 consilia
873 1436 996 1500 quoque
1018 1416 1202 1496 evangelica
1222 1417 1256 1479 in
1277 1416 1323 1480 in·

164 1506 286 1570 stitutis
323 1506 476 1586 religiosis
509 1525 572 1570 non
595 1506 696 1571 solum
720 1508 841 1572 activae
863 1506 919 1571 sed
942 1505 1038 1570 etiam
1061 1503 1323 1586 contemplativae
1440 1579 1443 1583 ⁴

163 1593 249 1658 vitae
272 1595 443 1658 secundum
466 1593 594 1658 modum
617 1595 658 1658 ab
681 1593 827 1659 Ecclesia
850 1593 1058 1675 approbatum
1083 1593 1133 1673 pie
1156 1597 1190 1656 et
1212 1591 1323 1657 lauda-

163 1679 268 1744 biliter
302 1681 554 1763 amplectuntur,
585 1700 622 1745 ac
655 1681 763 1746 divina
796 1681 902 1762 gratia
935 1679 1111 1762 opitulante
1134 1685 1268 1761 possunt
1289 1685 1322 1744 et

162 1773 325 1848 tenentur,
360 1787 441 1849 quae
475 1773 645 1846 voverunt,
673 1769 805 1833 reddere
830 1768 964 1833 Domino
988 1767 1065 1834 Deo.
1123 1766 1230 1844 Quare
1253 1771 1322 1831 tum

162 1855 241 1920 baec
264 1854 428 1922 Ecclesiae
463 1861 495 1920 et
525 1854 665 1920 fidolium
697 1856 770 1937 jura
799 1863 868 1920 turn
891 1860 1040 1936 suscepta
1062 1855 1145 1920 votis
1168 1855 1322 1937 religiosis

164 1940 269 2008 officia
291 1944 323 2007 in
345 1943 582 2025 supernaturali
592 1945 650 2009 Dei
672 1944 744 2027 lege
767 1962 804 2009 ac
828 1943 1028 2010 ordinatione
1051 1940 1235 2022 fundantur,
1260 1960 1323 2022 qua

163 2029 309 2096 Christus
332 2031 489 2112 sapientia
510 2037 641 2096 aeterna
662 2032 695 2095 in
719 2037 829 2097 sancta
852 2030 995 2096 Ecclesia
1017 2048 1075 2094 sua
1096 2031 1181 2093 nam
1203 2030 1323 2110 perlec-

162 2119 257 2184 tionis
291 2118 493 2200 evangelicae
527 2121 716 2184 monstravit
744 2137 783 2184 ac
816 2119 989 2201 disposuit;
1018 2134 1076 2181 nec
1104 2116 1159 2180 illa
1186 2116 1322 2198 politicis

162 2204 285 2288 legibus
306 2207 373 2271 sive
396 2207 491 2288 dirigi
512 2207 578 2271 sive
602 2206 701 2271 deleri
722 2210 864 2289 possunt.

268 2294 463 2358 Damnamns
485 2294 584 2376 igitur
605 2299 674 2358 tum
697 2294 883 2374 doctrinam,
908 2311 971 2375 qua
992 2291 1147 2374 professio
1174 2292 1323 2373 religiosa

162 2379 274 2446 illicita
295 2380 346 2445 vel
370 2399 442 2446 vero
464 2379 619 2463 profectui
641 2382 829 2463 populorum
852 2383 955 2460 noxia,
980 2399 1018 2444 ac
1041 2379 1323 2461 proptereaelimi·

162 2469 266 2534 nanda
289 2485 360 2533 esse
384 2469 510 2548 dicitur,
533 2475 601 2533 tum
623 2470 735 2551 impios
758 2468 919 2533 hominum
943 2473 1085 2547 conatus,
1109 2467 1163 2547 qui
1186 2483 1322 2531 comme·

162 2562 288 2621 morata
302 2555 466 2622 Ecclesiae
489 2574 528 2620 ac
550 2553 690 2621 fidelium
711 2556 783 2637 jnra
805 2556 969 2644 invadunt,
983 2560 1016 2620 et
1038 2559 1162 2619 tantam
1177 2552 1239 2634 ipsi
1254 2552 1322 2617 Deo

163 2660 199 2707 ac
222 2648 353 2708 sanctae
377 2642 522 2724 religioni
543 2643 716 2709 catholicae
737 2644 883 2724 irrogant
904 2643 1061 2725 injuriam.

267 2730 327 2794 Hic
349 2748 444 2810 porro
467 2730 561 2795 aliam
585 2730 770 2812 sacrilegam
793 2731 990 2813 injustitiam,
1015 2747 1096 2809 quae
1119 2735 1232 2795 contra
1253 2746 1320 2793 me·

163 2822 243 2881 trem
267 2817 442 2882 Ecclesiam
476 2817 645 2883 crudeliter
678 2823 711 2882 et
742 2819 774 2881 in
802 2818 869 2882 dies
891 2817 987 2883 latius
1010 2822 1184 2899 grassatur,
1204 2818 1321 2881 iterum

162 2903 312 2970 damnem
335 2909 367 2969 et
389 2906 667 2987 perniciosissimas
690 2904 840 2986 fallacias,
861 2906 976 2986 quibus
994 2904 1137 2970 homines
1152 2904 1320 2969 mendaces

159 2991 249 3056 illam
272 2992 421 3058 obvelare
441 2993 582 3072 student,
606 2994 804 3074 proscribere
827 3010 955 3058 necesse
977 2991 1076 3057 Nobis
1099 2996 1158 3057 est.
1203 2990 1321 3056 Dicunt

160 3078 317 3160 nummum,
340 3079 390 3161 jus
414 3079 584 3160 Ecclesiae,
609 3081 793 3162 acquirendi
826 3085 860 3145 et
890 3080 1072 3162 possidendi
1093 3081 1177 3145 bonu
1199 3090 1320 3160 tempo

159 3165 248 3246 ralia,
273 3183 344 3233 esse
366 3166 541 3248 subiectum
563 3169 695 3234 arbitrio
718 3173 822 3234 status
844 3167 984 3249 politici,
1009 3171 1042 3232 et
1063 3166 1104 3231 ab
1127 3167 1196 3250 ejus
1218 3165 1321 3232 libera

160 3255 360 3320 concessione
388 3255 507 3337 jugiter
540 3255 696 3337 pendere,
735 3257 781 3320 ita
811 3260 848 3319 ut
869 3261 1012 3336 potestas
1035 3254 1165 3337 politice
1187 3254 1219 3319 vi
1243 3271 1320 3320 suas

159 3358 325 3423 supremae
349 3343 550 3408 auctoritatis
573 3343 675 3425 possit
696 3343 775 3407 illud
795 3341 847 3423 jus
871 3343 1008 3424 abolere,
1031 3342 1167 3424 latisque
1197 3342 1319 3424 legibus

158 3428 219 3494 sibi
241 3429 400 3494 vindicare
422 3430 511 3494 velut
534 3431 618 3495 bona
641 3431 765 3501 domino
789 3448 897 3511 vacua,
922 3450 1002 3512 quae
1024 3429 1319 3513 legitimoproprie·

157 3515 236 3580 tatis
262 3517 356 3581 titulo
379 3519 507 3583 suntin
530 3519 727 3599 possessione
749 3517 929 3599 Ecclesiae3
945 3523 1002 3583 aut
1023 3515 1191 3598 affirmant,
1214 3515 1319 3598 dispo·

157 3603 303 3668 sitionem
327 3621 366 3669 ac
389 3604 640 3673 distributionem
663 3605 816 3671 bonomm
841 3605 1126 3671 ecclesiasticorum
1148 3621 1210 3669 non
1227 3620 1318 3668 secus

157 3706 196 3755 ac
218 3707 336 3772 eorum,
359 3709 440 3772 quae
462 3692 590 3774 publica
612 3698 687 3758 sunt
708 3693 807 3758 totius
830 3693 977 3773 nationis,
1001 3692 1162 3774 pertinere
1184 3691 1318 3756 adnati-

157 3793 232 3841 vum
251 3776 304 3858 J'us
327 3796 493 3860 supremae
514 3781 683 3862 potestatis
706 3779 863 3863 politicae.
908 3779 1098 3861 Hujusmodi
1119 3783 1225 3844 autem
1248 3797 1319 3860 per·

155 3863 258 3930 versis
292 3865 445 3932 doctrinis
477 3866 705 3950 impugnantur
732 3868 809 3951 jura
830 3867 992 3934 Ecclesiae
1013 3867 1204 3944 certissima,
1234 3883 1318 3946 quae

112 3952 198 4016 'sex
227 3952 297 4033 ipsa
323 3953 391 4035 ejus
413 3953 562 4018 divinitus
585 3955 662 4020 data
683 3954 908 4020 constitutione
929 3958 1128 4037 promanant.
1173 3951 1318 4018 Ecclesia
1430 4030 1433 4035 ¹

157 4056 294 4120 namque
316 4059 388 4106 cum
411 4042 452 4104 sit
472 4038 614 4123 perlecta
637 4044 771 4125 societas
794 4042 898 4107 divino
917 4042 990 4122 J'ure
1008 4041 1191 4119 constituta,
1206 4058 1317 4122 super·

156 4126 312 4192 naturalis
335 4128 472 4208 quidem,
494 4128 549 4194 sed
574 4128 685 4195 eadem
707 4129 843 4194 societas
866 4129 999 4194 visibilis
1023 4147 1061 4193 en
1083 4128 1261 4194 hominibus
1285 4135 1317 4194 et

157 4213 200 4278 cd
221 4212 383 4280 bominum
405 4214 541 4280 salutem
563 4215 595 4280 in
618 4215 712 4281 terris
731 4217 917 4296 consistens,
929 4221 1100 4298 propterea
1111 4215 1207 4282 rebus
1219 4216 1325 4282 etiam·

156 4300 333 4366 visibilibus
355 4306 388 4367 et
408 4304 546 4368 externis
568 4308 665 4384 atque
687 4303 772 4370 inter
792 4303 873 4370 haec
894 4304 986 4370 bonis
1007 4321 1132 4385 quoque
1155 4307 1316 4386 tempora-
