2946 4942
227 308 288 371 172
668 304 677 315 “
720 266 887 366 aosronrri

172 524 177 532 ,
220 460 422 527 dioecesibus
445 456 688 541 proficiscuntur
705 455 902 535 missiouarii
926 462 959 519 ct
982 455 1099 536 ubique
1113 456 1201 538 viget
1224 456 1281 522 illa
1305 474 1392 521 nun-

220 566 321 630 quam
345 547 422 612 satis
445 546 602 610 laudanda
618 549 713 625 atque
735 543 898 608 dilatanda
920 543 1071 609 sodalitas
1086 543 1288 627 Propupolc'o
1309 543 1392 625 fidei

226 639 457 716 nuncupata-
478 633 651 714 optandum
675 630 834 695 videretur
857 636 893 694 ut
915 631 1083 711 quotannis
1106 631 1147 695 ad
1170 648 1279 696 omnes
1304 632 1390 713 epis-

225 741 318 806 copos
341 722 529 803 dirigeretur
550 719 675 784 libellus
698 719 833 799 qnidam,
858 718 984 800 publica
1004 719 1230 800 Propagandae
1246 718 1391 784 auctori·

225 816 292 875 tate
319 810 466 887 edendus,
500 809 554 890 qui
577 826 631 871 ecs
662 805 700 870 de
723 825 797 870 vero
829 807 1012 871 missionum
1042 806 1264 870 catholicarum
1298 810 1390 871 statu

226 898 380 962 edoceret.
438 893 489 959 Sic
524 895 605 959 enim
642 902 672 958 et
708 893 896 959 sanctissimi
928 893 1022 974 hujus
1057 893 1161 974 operis
1195 911 1389 976 progressus

224 985 336 1060 melius
368 986 407 1048 ab
431 982 594 1063 Episcopis
624 986 840 1061 noscerentur,
875 986 907 1044 et
929 981 1067 1062 ipsorum
1102 980 1189 1045 zelus
1220 981 1261 1045 ad
1294 978 1390 1047 effor-

223 1071 357 1136 mandos
380 1076 413 1134 et
436 1069 631 1151 adjuvandos
654 1069 864 1133 missiouarios
887 1068 1104 1132 vehementius
1127 1068 1364 1136 accenderetur.

330 1158 524 1238 Ubicumque
560 1155 685 1220 condita
714 1162 808 1237 atque
841 1155 981 1220 stabilita
1010 1156 1078 1238 jam
1109 1155 1195 1236 viget
1227 1155 1390 1222 catholica

224 1244 412 1322 hierarchia,
436 1263 465 1307 v.
478 1263 508 1325 g.
521 1245 552 1307 in
569 1243 691 1323 Augila,
715 1244 749 1307 in
767 1243 917 1321 America,
941 1244 974 1306 iu
997 1242 1178 1321 Hollaudia‚
1202 1242 1388 1308 nullomodo

225 1330 437 1396 necessarium
461 1331 622 1395 videretur
644 1349 751 1394 earum
775 1332 937 1409 regionum
961 1329 1111 1394 ecclesias
1136 1329 1387 1412 Congrcgationi

225 1417 453 1500 Propagandae
477 1418 596 1500 subjici,
620 1418 676 1482 sed
700 1436 802 1482 noune
826 1418 930 1498 potius
953 1423 1039 1482 essct
1062 1436 1114 1482 eas
1138 1417 1178 1481 ad
1199 1417 1280 1500 juris
1298 1437 1386 1484 com-

225 1507 325 1570 munis
349 1506 490 1586 regimen
514 1504 677 1570 revocari?

331 1593 418 1657 Haec
440 1597 546 1656 tamen
569 1592 684 1655 iterum
707 1597 780 1655 vota
804 1591 877 1654 dum
900 1597 1082 1656 reverenter
1105 1592 1316 1673 proponimus,
1348 1611 1389 1657 ea

224 1679 405 1760 plenissime
430 1678 460 1744 S.
484 1678 643 1744 Pontificis
664 1679 781 1760 judicio
805 1685 836 1742 et
860 1679 1001 1757 arbitrio,
1037 1696 1140 1760 aquo
1164 1684 1307 1743 totores
1331 1678 1389 1745 illa

224 1767 350 1848 pendet,
375 1768 517 1849 subjecta
540 1766 691 1830 volumus.

573 1974 624 2038 De
646 1974 836 2039 reducendis
858 1975 1034 2039 haereticis.

331 2115 486 2179 Haeretici
511 2114 636 2196 quidem
659 2116 692 2176 in
724 2115 792 2194 ipso
816 2113 946 2177 Concilii
970 2114 1040 2177 sinu
1064 2113 1189 2177 admitti
1213 2122 1385 2196 nequeunt,

224 2221 264 2267 eo
289 2200 349 2265 fine
381 2207 414 2264 ut
440 2220 510 2266 cum
540 2201 602 2265 illis
626 2200 818 2264 deliberetur
852 2202 936 2265 circa
963 2200 1112 2282 dogmata
1142 2200 1208 2281 J'am
1237 2199 1385 2280 definita3

223 2290 310 2370 quod
334 2290 415 2352 onim
445 2288 543 2352 semel
571 2289 603 2351 in
626 2287 770 2352 Ecclesia
800 2286 963 2352 definitum
993 2295 1049 2367 est,
1083 2286 1177 2351 fixum
1201 2296 1318 2368 maaet,
1354 2296 1387 2355 et

224 2377 392 2441 retractari
416 2377 533 2457 nequit.
568 2374 633 2439 Nec
656 2375 753 2438 etiam
776 2376 902 2439 admitti
925 2381 1054 2456 possent
1077 2380 1227 2456 tanquam
1251 2374 1387 2442 Concilii

224 2482 307 2545 pars,
343 2470 375 2528 et
398 2471 435 2526 ut
464 2482 570 2527 vocem
602 2463 756 2527 haberent
784 2464 815 2526 in
839 2463 889 2527 his
919 2481 1000 2543 quae
1032 2462 1244 2527 conciliariter
1267 2464 1386 2530 delibe-

225 2551 327 2616 randa
344 2556 442 2632 ¹eruut
466 2557 497 2614 et
513 2550 697 2625 statuenda,
721 2550 808 2628 prius
824 2550 906 2613 enim
930 2556 978 2614 est
994 2551 1166 2614 membrum
1191 2568 1260 2614 esse
1276 2550 1385 2617 Eccle-

225 2639 298 2717 siae,
323 2656 417 2718 quam
441 2655 512 2702 esse
534 2637 708 2700 membrum
732 2634 872 2702 Concilii.

329 2724 392 2789 Sed
414 2742 517 2788 nonne
540 2725 675 2805 benigue
698 2730 730 2787 et
754 2724 917 2788 caritative
948 2725 1103 2788 invitandi
1126 2732 1232 2790 essent
1254 2731 1299 2807 ut,
1333 2745 1386 2792 oc·

223 2813 351 2876 cesione
385 2809 524 2889 Consilii,
560 2811 691 2876 Romam
720 2813 871 2892 venirent,
906 2812 970 2890 ubi,
1007 2831 1076 2877 cum
1109 2831 1232 2878 summa
1261 2812 1384 2895 recepti

223 2899 448 2978 benevolentia,
473 2899 618 2978 privatim
635 2897 776 2962 conferre
799 2905 926 2980 possent
943 2918 1011 2963 cum
1037 2899 1138 2964 doctis
1153 2901 1275 2981 piisque
1299 2901 1383 2981 viris,

221 2987 265 3050 ad
289 2986 320 3050 id
344 2986 513 3067 deputatis,
538 2987 591 3066 qui
614 2987 751 3066 ipsorum
768 2984 970 3050 difficultates
994 2987 1140 3051 audirent
1155 2994 1187 3052 et
1211 2988 1384 3069 explanare

223 3074 417 3154 niterentur3
442 3073 604 3154 simulque,
630 3073 818 3138 consociatis
842 3073 985 3152 consiliis
1010 3079 1203 3138 tractaretur
1226 3093 1297 3139 cum
1321 3075 1383 3140 illis

224 3162 263 3226 de
286 3161 456 3243 aptissimis
490 3161 600 3226 mediis
631 3161 811 3225 removendi
845 3162 1054 3242 separationis
1081 3167 1274 3243 praetextus,
1310 3181 1383 3244 pro-

222 3248 445 3329 curandaeque
461 3249 592 3325 unionis
616 3253 651 3311 ut
667 3265 747 3329 quae
761 3248 801 3311 ad
824 3248 906 3313 hunc
920 3247 1015 3312 finem
1031 3249 1234 3314 obtinendum
1250 3250 1383 3316 meliora

222 3337 289 3399 visa
312 3334 453 3413 luissent,
478 3334 518 3399 ad
541 3333 712 3400 Concilium
737 3333 955 3400 referrentur?

329 3422 389 3487 Hic
410 3423 525 3504 agendi
548 3422 666 3499 modae,
691 3440 760 3485 cum
785 3440 841 3503 spe
859 3423 964 3503 aliqua
987 3421 1085 3487 felicis
1103 3425 1213 3502 exitus,
1238 3423 1384 3490 adhiberi

222 3528 314 3591 posse
337 3509 507 3589 videretur,
541 3509 574 3573 ni
597 3507 754 3589 fallamur,
790 3527 865 3588 erga
894 3510 951 3575 hos
980 3511 1166 3591 praesertim
1189 3510 1382 3592 anglicanos,

222 3597 276 3679 qui
290 3596 383 3660 fidem
406 3596 548 3678 ritusque
563 3595 724 3662 Ecclesiae
742 3595 914 3663 catholicae
931 3599 1104 3680 proximius
1123 3598 1189 3679 jam
1206 3604 1381 3677 sectantur,

222 3689 255 3748 et
277 3684 424 3748 unionem
447 3703 563 3767 cupere
585 3689 771 3760 noscuntur;
807 3703 844 3748 eo
868 3687 966 3767 magis
990 3684 1082 3765 quod,
1114 3686 1145 3748 io
1167 3684 1226 3750 hac
1251 3703 1382 3751 conver-

222 3771 319 3837 sionis
336 3789 443 3835 eorum
458 3771 665 3849 inchoatione,
690 3772 716 3835 si
739 3772 881 3852 quisunt
902 3773 936 3835 in
958 3772 1020 3837 illis
1036 3772 1237 3853 antesignani
1253 3773 1382 3838 suaderi

222 3863 254 3922 et
276 3859 384 3923 reduci
405 3864 543 3940 possent,
567 3877 630 3924 non
649 3861 717 3941 jam
733 3877 905 3940 paucorum
927 3859 1098 3939 homiuum,
1123 3859 1178 3923 sed
1195 3860 1380 3926 innumerae

221 3945 315 4010 simul
338 3945 558 4025 multitudinis,
581 3946 705 4012 lucrum
728 3945 829 4011 fieret.

327 4032 483 4098 Maximae
506 4034 602 4097 etiam
626 4034 772 4099 utilitatis
797 4039 890 4112 esset,
920 4034 946 4098 si
971 4031 1152 4114 Concilium,
1175 4052 1233 4115 pro
1257 4052 1382 4099 summa

221 4116 285 4197 illa,
320 4137 382 4200 qua
415 4120 594 4185 donatura
624 4121 745 4202 Spiritu
774 4123 918 4186 veritatis
949 4127 982 4186 et
1010 4122 1163 4198 caritatis,
1199 4122 1378 4203 prudentia,

220 4202 396 4270 delinearet
419 4206 556 4287 aliquam
579 4207 782 4273 directionem
816 4209 855 4273 ad
878 4225 968 4272 usum
1001 4208 1234 4288 catholicorum,
1272 4214 1380 4274 tuma

217 4289 316 4371 clero,
340 4295 407 4355 tum
424 4293 555 4372 elalcis
578 4295 640 4375 qui,
663 4296 695 4358 in
710 4295 955 4376 protestantium
970 4294 1158 4376 regionibus,
1184 4294 1380 4363 conversioni
