2946 4942
581 330 770 379 CONSTI'I'UTlO
795 329 965 377 dodrtnrlca

670 554 806 622 CAPUT
828 555 869 622 11.

633 695 685 762 De
706 695 903 762 revelatione.

294 818 413 884 Eadem
431 817 546 883 Sancta
561 818 664 884 Mater
678 819 823 884 Ecclesia
846 823 934 884 tenet
949 821 980 882 et
996 817 1097 895 docet,
1114 819 1224 899 Deum,
1241 835 1347 882 rerum

191 907 329 973 omniurn
351 906 539 988 principium
563 911 595 970 et
616 904 718 987 finem,
741 906 886 981 naturali,
895 906 1053 970 humanae
1075 905 1207 970 rationis
1229 904 1347 970 lumine

191 1013 209 1060 e
237 993 333 1059 rebus
354 996 469 1059 creatis
504 998 590 1059 certo
614 994 759 1074 cognosci
786 1011 894 1075 posse;
928 993 1099 1058 invisibilia
1127 994 1209 1056 enim
1238 992 1347 1074 ipsius,

190 1100 210 1146 a
240 1085 386 1146 creatura
415 1081 537 1160 mundi,
573 1100 629 1162 per
657 1099 696 1146 ea
727 1099 808 1162 quae
831 1081 914 1145 facta
937 1085 1025 1161 sunt,
1060 1080 1239 1160 intellecta,
1275 1099 1347 1144 oon-

191 1169 412 1251 spiciuntur:1)
437 1173 579 1233 attamen
601 1169 759 1249 placuisse
774 1169 843 1250 ejus
866 1168 1040 1250 sapientiae
1063 1172 1095 1232 ct
1116 1168 1260 1248 bonitati,
1285 1169 1347 1231 alia

191 1274 290 1338 eaque
320 1256 553 1337 supernaturali
585 1256 636 1320 via
658 1274 701 1320 se
729 1258 832 1338 ipsum
863 1275 900 1320 ac
923 1259 1053 1320 aeterna
1075 1254 1247 1320 voluntatis
1271 1273 1347 1319 suae

191 1343 318 1409 decreta
333 1343 468 1408 humano
492 1345 599 1426 generi
616 1344 765 1423 revelare,
782 1344 905 1408 dicente
921 1342 1086 1423 Apostolo:
1111 1342 1346 1424 Mottffura'nur,

189 1431 358 1512 multisque
390 1431 492 1495 modis
526 1431 600 1494 olim
622 1431 714 1495 Dens
750 1432 878 1513 loquens
906 1431 1057 1510 patribus
1089 1431 1124 1513 tn
1156 1429 1346 1511 Propleeta's:

190 1519 367 1595 novissime,
392 1517 502 1582 diebos
523 1519 597 1582 istis
621 1518 742 1582 locutas
764 1524 810 1583 est
831 1517 922 1582 nodis
943 1519 980 1582 ta
1002 1517 1132 1600 Fertor)

296 1605 378 1670 Huic
407 1605 531 1671 divinae
563 1605 746 1670 revelationi
776 1605 978 1670 tribuendum
1000 1604 1125 1686 quidem
1151 1610 1216 1684 est,
1240 1610 1345 1683 ntea,

191 1711 271 1773 quae
305 1693 337 1756 in
367 1693 462 1758 rebus
486 1693 598 1758 divinis
625 1693 783 1758 humanae
816 1693 932 1757 rationi
964 1711 1022 1773 per
1052 1710 1087 1757 se
1109 1693 1262 1774 impervia
1283 1712 1347 1756 non

191 1785 274 1858 sunt,
298 1781 506 1861 inpraesenti
522 1786 645 1862 quaque
662 1782 785 1862 generis
800 1781 928 1844 humani
945 1780 1124 1845 conditione
1140 1781 1178 1846 ab
1202 1780 1347 1845 omnibus

191 1867 351 1950 expedite,
387 1867 479 1932 firma
513 1869 701 1934 certitudine
735 1873 767 1932 et
794 1868 881 1933 nullo
905 1868 1043 1932 admixto
1067 1886 1175 1931 errore
1200 1871 1347 1949 cognosci

190 1955 323 2036 possint.
368 1955 439 2020 Non
461 1955 520 2020 hac
543 1960 648 2020 tamen
673 1956 711 2019 de
735 1974 829 2021 causa
844 1955 995 2019 revelatio
1011 1955 1152 2020 absolute
1168 1957 1347 2020 necessaria

191 2041 324 2107 dicenda
350 2049 415 2122 est,
447 2044 502 2107 sed
532 2044 606 2123 quia
628 2043 714 2108 Deus
739 2062 777 2108 ex
799 2041 922 2107 infinita
944 2043 1085 2108 bonitate
1108 2060 1166 2107 sua
1189 2044 1349 2107 ordinavit

190 2128 346 2194 hominem
375 2131 414 2194 od
449 2128 543 2194 finem
577 2131 867 2212 supernaturalem,
902 2130 941 2194 ad
976 2130 1193 2211 participanda
1226 2130 1347 2195 scilicet

190 2217 275 2281 bona
298 2217 419 2295 divina,
454 2236 535 2298 quae
558 2218 715 2282 humanae
747 2219 859 2282 mentis
881 2217 1121 2298 intelligentiam
1146 2218 1270 2282 omnino
1295 2237 1347 2282 su-

193 2310 322 2386 perant,
356 2305 510 2386 siquidem
533 2305 642 2371 oculus
665 2324 727 2370 non
750 2306 844 2386 vidit,
874 2324 931 2369 nec
954 2305 1041 2370 auris
1064 2306 1196 2384 audivit,
1231 2324 1289 2370 nec
1313 2307 1346 2369 in

191 2410 246 2543 clrlrr
274 2392 407 2458 hominis
433 2393 588 2474 ascendit,
621 2412 702 2475 quae
725 2392 927 2475 praeparavit
950 2393 1035 2457 Deus
1058 2393 1109 2475 lie,
1134 2394 1189 2473 qui
1211 2393 1347 2474 diligunt

190 2480 319 2562 ium.³)

296 2567 385 2633 Haec
408 2585 501 2649 porro
518 2569 767 2650 supernaturalis
789 2567 950 2648 revelatio,
974 2567 1147 2633 secundum
1162 2567 1346 2633 universalis

190 2652 353 2720 Ecclesiae
375 2652 483 2731 fidem,
517 2673 537 2719 a
560 2662 669 2721 sancta
690 2656 875 2721 Tridentino
898 2654 1024 2737 Synodo
1049 2654 1249 2736 declaratam,
1273 2674 1346 2723 corr·

190 2742 310 2806 tinetur
342 2742 375 2806 in
408 2741 495 2808 libris
527 2743 653 2825 scriptis
688 2749 720 2809 et
753 2745 822 2809 sine
845 2743 964 2824 scripto
995 2743 1230 2822 traditionibus,
1265 2761 1346 2824 quae

189 2829 287 2910 ipsius
311 2827 428 2894 Christi
451 2848 506 2895 ore
528 2831 569 2896 ab
586 2831 744 2912 Apostolis
768 2836 926 2912 acceptae,
949 2835 1007 2895 aut
1029 2829 1070 2895 ab
1092 2830 1169 2911 ipsis
1185 2829 1347 2912 Apostolis

191 2914 308 2999 Spiritu
325 2915 442 2982 Sancto
466 2917 606 2983 dictante
621 2919 712 2999 quasi
727 2937 783 3000 per
806 2931 918 2983 manus
933 2918 1079 2996 traditae,
1103 2917 1143 2982 ad
1166 2936 1222 2982 nos
1245 2935 1345 2998 usque

191 3006 445 3089 pervener-unta)
491 3005 551 3084 Qui
584 3007 710 3087 quidem
737 3006 851 3071 veteris
886 3012 919 3070 et
952 3005 1025 3070 nori
1046 3005 1241 3071 Testamenti
1273 3006 1345 3070 libri

191 3093 306 3174 integri
338 3111 408 3158 curn
440 3095 583 3160 omnibus
613 3095 677 3159 suis
699 3094 859 3176 partibus,
882 3099 978 3175 prout
1000 3093 1031 3156 in
1054 3092 1194 3174 ejusdem
1217 3091 1346 3157 Consilii

191 3181 318 3247 decreto
352 3187 569 3262 recensentur,
605 3187 636 3245 et
670 3183 702 3246 in
732 3182 832 3247 veteri
853 3181 986 3262 vulgata
1006 3179 1107 3245 latina
1130 3179 1268 3245 editione
1290 3179 1345 3245 ha-

189 3269 320 3348 bentur,
355 3286 412 3350 pro
447 3271 546 3335 sacris
579 3275 611 3334 et
646 3270 803 3335 canonicis
837 3267 1028 3350 suscipiendi
1053 3273 1136 3334 sunt.
1183 3267 1248 3333 Eos
1270 3286 1345 3332 vero

190 3356 333 3421 Ecclesia
367 3375 423 3437 pro
458 3358 557 3423 sacris
585 3362 618 3422 et
649 3357 808 3423 canonicis
830 3355 940 3437 habet,
974 3373 1035 3421 non
1068 3354 1139 3420 ideo
1172 3355 1255 3435 quod
1278 3355 1349 3420 sola

191 3443 328 3509 humana
350 3443 504 3508 industria
528 3444 718 3523 concinnati,
754 3460 812 3509 sua
847 3443 961 3510 deinde
992 3444 1182 3509 auctoritate
1203 3442 1268 3507 sint
1289 3461 1345 3522 ap·

189 3531 333 3614 probati3
368 3549 426 3597 nec
458 3532 528 3597 ideo
563 3530 741 3612 dumtaxat,
777 3532 862 3612 quod
895 3530 1118 3596 revelationem
1147 3529 1215 3594 sine
1237 3547 1346 3594 errore

191 3618 385 3683 contineant:
420 3619 475 3684 sed
497 3624 666 3701 propterea
689 3619 772 3700 quod
795 3617 914 3701 Spiritu
936 3618 1052 3684 Sancto
1075 3618 1249 3699 inspirante
1272 3634 1346 3680 con·

190 3705 301 3787 scripti
322 3705 424 3771 Deum
453 3706 572 3772 habent
598 3712 774 3789 auctorem,
806 3712 901 3788 atque
932 3711 968 3770 ut
998 3705 1078 3773 tales
1100 3705 1162 3787 ipsi
1184 3703 1347 3771 Ecclesiae

190 3792 327 3858 traditae
348 3798 432 3858 sunt.

296 3880 451 3958 Quoniam
474 3898 557 3958 vero,
582 3899 662 3962 quae
685 3887 793 3947 sancta
816 3880 1000 3945 Tridentina
1022 3879 1165 3963 Synodus
1188 3878 1227 3942 de
1251 3879 1347 3942 inter·

191 3969 369 4048 pretatione
399 3969 524 4033 divinae
545 3967 730 4049 Scripturae
761 3968 801 4032 ad
825 3970 999 4034 coercenda
1021 3967 1198 4050 petulantia
1220 3966 1350 4045 ingenia

147 4092 149 4096 -
192 4053 361 4119 salubriter
383 4056 530 4136 decrevit,
565 4075 584 4120 a
607 4057 794 4137 quibusdam
817 4055 995 4120 hominibus
1018 4074 1114 4137 prave
1137 4057 1346 4134 exponuntur,

300 4263 324 4400 l,
340 4262 519 4389 turult:
539 4264 612 4387 at?
627 4264 909 4388 delirat-lact.
930 4266 1029 4401 alat
1045 4263 1106 4318 ⁰⁰¹·
1126 4263 1161 4316 ¹¹‘
1179 4261 1204 4318 ⁹·
