2954 4936
616 321 655 367 nn
679 320 857 368 nisorrunra.
1254 309 1313 368 187

274 462 304 520 2.
344 459 560 524 Avertendum
597 464 645 521 est
678 457 825 540 frequens
865 459 1039 540 perieulum
1080 458 1233 524 nullitatis
1267 478 1317 551 suf

154 549 321 609 eramentr¹

273 635 304 695 3.
346 633 499 698 Videntur
533 632 688 698 abolenda
729 632 953 714 impedimenta
986 653 1005 698 a
1039 635 1152 715 quibus
1192 597 1317 716 semper

153 717 372 799 dispensatur.

250 857 338 923 Huic
356 859 571 938 postulationi
594 859 854 938 subscripserunt
876 863 919 922 12
944 857 1078 924 Consilii
1101 859 1227 925 Patres.

638 1189 837 1254 Postulatum

314 1286 355 1392 ¹ut
378 1328 510 1393 tollatur
533 1329 794 1410 impedimentum
818 1329 1015 1411 cognationis
1039 1328 1158 1410 legalis.
1208 1304 1211 1309 ¹

593 1521 690 1586 Ratio
708 1520 878 1601 postulati.

262 1659 330 1724 Hae
352 1661 609 1742 impedimentum
625 1661 732 1724 multis
749 1660 850 1724 dubiis
867 1660 1034 1724 obnoxium
1049 1660 1174 1724 videtur
1189 1666 1318 1741 propter

154 1747 375 1811 diversitatem
397 1747 502 1829 legum
519 1748 653 1811 civilium
678 1748 763 1812 eirea
786 1747 1001 1827 adoptionem3
1026 1747 1109 1812 unde
1132 1747 1222 1811 multi
1244 1747 1318 1811 doe-

155 1838 242 1902 tores
265 1853 347 1898 nunc
377 1844 497 1916 negant
519 1835 598 1899 illud
630 1836 764 1900 existere
787 1835 819 1899 in
850 1836 1008 1916 praesenti
1031 1853 1137 1899 rerum
1160 1839 1254 1911 statu,
1287 1837 1318 1897 in

155 1920 315 2001 plerisque
338 1923 526 2002 regionibns

180 2032 205 2071 ⁹
250 2059 337 2125 Huie
354 2061 569 2142 postulationi
592 2062 850 2141 subscripserunt
872 2063 915 2122 13
940 2059 1078 2125 Consilii
1102 2059 1229 2123 Patres.

641 2357 840 2421 Postulatum

157 2501 193 2561 ut
217 2515 234 2561 a
261 2496 343 2578 stylo
375 2494 497 2573 Curiae,
535 2498 566 2559 in
590 2495 877 2576 dispensationibus
910 2495 1189 2574 consanguinitatis
1218 2499 1249 2558 et
1272 2493 1318 2559 al·
1407 2553 1415 2574 χ

156 2581 300 2664 finitatis,
325 2584 455 2649 tollatur
478 2583 629 2665 obligatio
653 2582 834 2648 declarandi
855 2584 1008 2646 incestum
1032 2586 1205 2663 patratum.

565 2773 722 2852 Rationes
742 2772 908 2852 postulati.

264 2914 353 2978 Haeo
384 2913 533 2994 obligatio
564 2931 643 2993 quae
680 2932 762 2976 nune
790 2921 840 2977 est
871 2911 929 2976 sub
953 2929 1054 2992 poena
1079 2910 1234 2976 nullitatis
1258 2911 1320 2976 dis-
1421 2951 1428 2977 l

158 3002 361 3082 pausationis
386 3001 512 3065 videtur

267 3093 294 3153 1.
325 3088 458 3152 inutilis
479 3089 553 3167 quia
579 3104 642 3150 non
671 3086 801 3167 impedit
822 3087 987 3161 incestum,
1018 3103 1077 3149 nee
1106 3084 1194 3148 illam
1219 3087 1317 3164 punit.

157 3173 239 3239 Tota
261 3192 361 3255 poena
382 3175 494 3239 incidit
515 3176 548 3239 in
570 3174 721 3239 miserum
737 3171 957 3238 confessarium
981 3174 1033 3252 qui
1057 3190 1151 3253 saepe
1175 3172 1319 3237 maximis
1332 3199 1345 3238 ς

156 3260 397 3326 difficultatibus
421 3271 453 3326 et
475 3261 686 3326 anxietatibus
709 3260 911 3341 implicatum

265 3354 294 3412 2.
326 3349 456 3426 Nantua,
487 3350 562 3430 quia
590 3349 682 3412 adest
708 3347 880 3428 perieulum
909 3345 1057 3411 infamiae
1081 3352 1113 3412 et
1137 3346 1320 3411 violationis

158 3435 254 3516 sigilli
277 3436 525 3515 sacramentalis
549 3442 582 3500 et
604 3437 732 3516 insuper
755 3435 832 3498 haee
855 3434 1007 3515 obligatio
1035 3452 1129 3499 eausa
1153 3433 1320 3498 11111111-

159 3523 236 3586 tatis
259 3523 466 3604 plurimorum
482 3524 750 3588 matrimoniorum
766 3540 897 3602 quorum
921 3521 1135 3586 rehabilitutio
1151 3520 1320 3601 aliqnando

159 3609 254 3674 valde
277 3608 411 3675 difficilis
435 3617 494 3675 est.
581 3624 585 3631 '

255 3749 343 3814 Huic
359 3749 572 3830 postulationi
594 3749 852 3829 subscripserant
874 3751 916 3812 13
941 3747 1075 3813 Consilii
1097 3747 1223 3812 Patres.

641 4061 840 4128 Postulatum

160 4208 197 4269 ut
225 4188 359 4269 tollatur
390 4202 649 4286 impedimentum
679 4201 824 4283 publicae
855 4199 1029 4265 honestatis
1060 4217 1100 4265 en
1120 4199 1321 4280 sponsalibus

161 4311 227 4357 uon
248 4290 442 4357 solemnibus
464 4291 661 4372 proveniens.
