2946 4942
443 346 484 392 nn
507 343 603 392 susus
625 337 684 394 arr.
708 344 829 392 01111111.
852 345 889 390 nr
911 341 1044 417 mssrou.
1261 329 1322 394 201

160 490 198 550 et
220 485 432 552 Parochorum
467 486 664 550 intrusorum
694 482 749 564 qui
782 501 816 549 se
846 487 1026 549 ‘retractare
1060 482 1211 548 nolebant
1238 482 1325 567 (pag.

166 578 305 654 rr-oo,
330 577 492 652 00-104,
522 577 582 636 101
607 571 691 654 erc).

272 666 300 725 3.
324 661 387 727 Sed
409 659 563 741 plurimae
586 658 752 722 citationes
775 675 794 720 a
806 659 880 739 jure
896 655 1055 728 (11101110
1072 655 1234 724 Pontificio
1262 663 1323 726 etc.

163 765 229 812 non
252 753 399 830 spectant
422 748 463 812 ad
485 746 700 828 quaestionem
723 744 762 808 de
784 762 847 825 qua
875 745 1037 825 agebatur.
1070 745 1155 825 (Viri.
1184 765 1215 828 p.
1239 751 1269 828 4,
1294 750 1323 824 11,

160 840 215 911 -40,
245 839 296 915 56,
333 841 383 913 57,
416 839 481 912 58).
528 832 604 897 Sese
626 831 769 898 referunt
797 833 879 896 istae
911 832 1078 897 citationes
1109 833 1149 897 ad
1176 849 1274 912 casus
1292 835 1324 897 in
1394 913 1396 916 y

163 921 274 1003 quibus
305 921 426 988 vSummi
455 919 616 986 Pontificis
643 919 818 985 auctoritas
848 920 974 984 minime
1003 920 1226 985 intervenerat.
1269 918 1324 1004 ¹Sic

163 1009 342 1090 exemplum
365 1008 489 1074 Arsacii
517 1009 548 1072 in
571 1007 845 1072 Reoercmto'sslmo
872 1008 1142 1086 commentatione,
1173 1025 1246 1090 pag.
1273 1013 1322 1072 11.

160 1094 233 1160 Non
257 1097 357 1161 sicin
381 1096 568 1161 concordato
593 1095 667 1159 anni
693 1099 786 1160 1801.

268 1189 298 1247 4.
321 1181 615 1248 lnamouibilitatem
638 1181 864 1262 Episcoporum
894 1181 959 1246 late
986 1183 1122 1262 probant
1145 1182 1323 1262 expostule-

160 1270 267 1335 tiones
291 1273 378 1355 (pag.
401 1275 453 1350 41,
475 1274 528 1349 48,
554 1270 707 1352 53-55).
753 1268 796 1333 At
818 1287 882 1333 non
904 1269 1060 1350 agebatur
1083 1269 1121 1333 de
1145 1268 1204 1334 hac
1226 1287 1322 1351 quae-
1360 1347 1366 1354 Ι

157 1357 263 1422 stione
285 1359 321 1421 e'e
344 1379 386 1424 se.
433 1356 598 1439 Agebatur
632 1357 671 1421 de
705 1373 780 1420 casn
810 1375 952 1420 summae
981 1356 1189 1421 necessitatis·
1202 1357 1234 1420 in
1257 1374 1321 1437 qna

161 1449 249 1510 certe
271 1463 412 1510 summus
428 1443 571 1509 Pontifex
590 1448 725 1525 poterat,
748 1442 859 1507 saltem
883 1449 1036 1524 tunquam
1057 1444 1216 1523 interpres
1230 1444 1322 1525 jurio

160 1531 272 1610 divini,
296 1534 463 1614 providere
485 1532 581 1597 saluti
604 1531 701 1597 totius
723 1529 847 1595 Galhae
870 1549 951 1612 quae
970 1531 1036 1613 jam
1060 1549 1079 1595 a
1101 1531 1207 1596 decem
1229 1532 1320 1596 annis

158 1618 331 1685 schismate
353 1619 598 1684 horrendissimo
620 1620 803 1684 vexabatur.

266 1706 310 1773 Et
332 1726 406 1772 vere
430 1707 623 1788 comparatio
649 1704 1232 1788 00101911001111111111101011
1248 1725 1320 1772 cum

158 1795 307 1875 conjugio
337 1793 498 1875 corporali
520 1792 713 1874 Sponsornm
745 1792 831 1876 (pag.
863 1797 913 1873 54,
945 1811 976 1859 n.
1006 1794 1051 1872 2.)
1082 1809 1146 1856 non
1170 1793 1264 1859 debet
1286 1795 1320 1858 in

154 1882 303 1946 omnibns
327 1883 441 1962 urgeri,
465 1882 618 1962 siquidem
641 1881 779 1963 conjugii
801 1879 973 1960 corporalis
1000 1897 1185 1961 sponsorum
1208 1881 1320 1965 nequit

158 1967 417 2034 indissolubihtas
439 1970 536 2033 etiam
560 1987 599 2032 ex
620 1967 720 2032 libero
744 1984 896 2032 consensu
921 1965 1115 2032 labefactari

265 2061 294 2119 5.
318 2055 467 2137 Episcopi
488 2056 522 2119 in
544 2056 610 2120 suis
643 2055 948 2136 expostulationibus
983 2054 1066 2138 (pag.
1099 2060 1149 2134 32,
1185 2060 1234 2132 al,
1261 2059 1318 2135 36)

155 2148 322 2222 opponunt
344 2143 459 2224 agendi
480 2142 637 2208 rationem
660 2142 709 2209 Pii
733 2142 786 2208 VI.
811 2161 883 2207 cnm
906 2142 1023 2224 agendi
1044 2143 1168 2206 ratione
1184 2143 1232 2208 Pii
1249 2143 1317 2208 VlI.

156 2227 199 2291 At
221 2229 299 2293 nihil
321 2231 437 2313 probat
457 2231 520 2295 ista
544 2231 709 2313 oppositio,
734 2248 804 2294 cum
820 2231 1078 2294 circumstantiae
1093 2227 1212 2294 fuerint
1225 2230 1319 2296 ualde
1394 2308 1397 2312 ⁵

155 2315 311 2384 diversae.
341 2316 413 2382 lam
436 2319 476 2382 ab
500 2319 591 2382 annis
615 2319 730 2396 decem,
754 2317 837 2381 sicut
858 2319 947 2396 prius
964 2317 1156 2396 dictumest
1181 2317 1317 2382 schisma

154 2401 277 2468 Gallias
300 2406 456 2486 vastabat,
480 2413 512 2470 et
534 2405 562 2468 si
576 2403 651 2468 Pius
669 2402 737 2472 VII.
754 2404 949 2469 occasionem
965 2405 1026 2469 sibi
1040 2403 1181 2469 oblatam
1204 2409 1317 2470 nactus

156 2507 219 2554 non
234 2490 354 2570 fuisset,
378 2490 486 2557 forsan
502 2491 580 2556 illud
597 2491 734 2557 schisma
749 2492 845 2556 etiam
860 2509 945 2556 nnnc
960 2490 1098 2555 Galliam
1113 2492 1315 2572 opprimeret.

263 2587 292 2644 6.
316 2579 594 2660 Expostulationes
609 2597 734 2662 semper
756 2585 939 2661 supponunt
961 2579 1009 2657 (P.
1027 2583 1165 2658 10-12‚
1192 2583 1241 2659 15,
1262 2583 1315 2657 16)

155 2663 247 2728 Pium
270 2667 338 2730 VII.
356 2682 465 2747 poema
485 2667 638 2732 mulctare
660 2671 784 2731 veteres
807 2667 982 2748 Episcopos
1005 2665 1208 2732 Dioeceseon.
1252 2665 1317 2732 Sed

154 2753 284 2817 minime
306 2754 412 2835 agitur
434 2753 474 2818 de
503 2771 607 2835 poena
636 2751 764 2818 inflicta.
817 2754 883 2819 Imo
906 2753 981 2817 Pius
1010 2753 1080 2818 Vll.
1115 2752 1205 2838 (Litt.
1236 2753 1316 2818 Tam

153 2840 256 2904 multo
273 2845 323 2907 15.
334 2842 415 2921 Aug.
431 2843 529 2924 1801)
546 2859 600 2907 eos
615 2846 747 2923 paterne
763 2842 942 2906 obtestatur
957 2845 994 2906 ut
1009 2840 1182 2906 cessionem
1196 2840 1316 2907 faciam

155 2927 279 2992 sedium
302 2945 441 3006 suarum,
465 2933 498 2995 et
520 2929 587 3010 agit
618 2947 657 2993 ex
685 2929 876 2993 auctoritate
898 2928 1075 3007 apostolico
1097 2929 1315 2995 tantummodo

153 3014 186 3078 in
209 3033 284 3081 casu
305 3018 503 3081 necessitatis
526 3021 696 3081 extremae.
742 3015 955 3097 (Expostulat.
979 3035 1009 3096 p.
1034 3021 1077 3092 8).

63 3106 70 3113 ’
261 3103 768 3184 1.11111111111001111110111
803 3108 948 3168 auctores
980 3103 1023 3186 (p.
1048 3107 1102 3183 58,
1141 3108 1212 3184 106,
1239 3104 1314 3187 108)

153 3186 328 3271 Episcopus
362 3209 381 3254 a
409 3190 466 3256 Pio
501 3191 569 3256 Vll.
604 3191 767 3277 institutos
802 3208 870 3256 esse
904 3190 995 3270 qnasi
1017 3191 1166 3272 intrusos,
1201 3191 1258 3256 sen
1280 3191 1314 3255 in

152 3277 281 3342 minime
302 3275 473 3342 affirmant.

258 3365 302 3428 Et
324 3369 410 3430 certe
444 3366 609 3431 constabat
643 3383 709 3443 eos,
745 3364 858 3429 saltem
892 3368 928 3429 nt
950 3365 1108 3447 delegatos
1126 3386 1160 3428 1
1183 3362 1313 3429 Summo

152 3449 316 3533 Pontifica
331 3452 468 3517 validam
485 3470 631 3517 exercere
641 3452 903 3535 jurisdictionem.
926 3452 1006 3533 'Ipsi
1028 3451 1313 3532 expostulationnm

151 3542 298 3603 auctores
332 3557 487 3604 summam
511 3539 707 3605 Successoris
740 3539 777 3604 B.
800 3539 888 3605 Petri
924 3541 1144 3604 auctoritatem
1180 3538 1212 3603 in
1243 3542 1312 3605 tota

152 3621 295 3690 Ecclesia
316 3626 514 3707 profitentur.
636 3707 640 3712 .

259 3717 288 3776 8.
312 3713 475 3795 Epistolae
497 3713 705 3795 quorumdam
728 3714 955 3795 Episcoporum
976 3713 1062 3777 hisce
1084 3712 1312 3792 expostulatio-
1338 3734 1340 3738 ⁴

147 3797 247 3863 nibus
270 3801 462 3883 posteriores
486 3819 522 3865 eo
546 3818 645 3882 usqne
667 3802 875 3880 devenerunt,
909 3803 946 3864 ut
974 3799 1129 3865 haherent
1151 3800 1242 3881 quasi
1263 3800 1311 3865 in·

151 3888 258 3950 trusos
286 3906 340 3953 eos
372 3889 426 3969 qui
455 3888 705 3970 jurisdictionem
733 3907 753 3953 a
786 3905 908 3952 summo
932 3884 1084 3953 Pontifice
1115 3892 1310 3967 receperant.

150 3971 441 4054 (Reuerenlissc'mn
465 3977 690 4053 commentatio,
714 3994 745 4057 p.
764 3979 813 4056 11,
839 3981 888 4052 13,
915 3979 964 4054 19,
993 3979 1044 4056 21,
1069 3973 1135 4057 23).
1181 3973 1240 4038 Hic
1262 3977 1311 4039 est

151 4077 240 4125 error
262 4060 505 4127 fundamentalis
528 4063 757 4128 dissidentium.

256 4147 364 4228 Porro,
389 4150 504 4214 intrusi
519 4168 589 4215 esse
604 4168 666 4215 non
682 4153 815 4231 possunt
834 4149 857 4212 ii
880 4148 993 4228 quihus
1008 4166 1149 4214 summus
1165 4147 1311 4214 Pontifex

150 4232 271 4300 confert
283 4237 545 4317 jurisdictione-m.
584 4235 741 4303 Concesso
756 4236 853 4301 etiem
868 4235 953 4316 qnod
969 4236 1127 4301 veteribus
1142 4235 1310 4318 Episcopis
1423 4292 1425 4297 .

141 4318 325 4400 jurisdictio
347 4324 517 4390 mansisset
538 4324 663 4405 integra
679 4323 725 4407 (et
742 4322 802 4389 hoc
816 4323 909 4388 valde
925 4322 1056 4389 dubium
1079 4330 1128 4388 est
1151 4342 1189 4387 ex
1203 4322 1310 4388 verbis
