2954 4936
644 341 681 387 oa
704 340 883 389 ntsemnnm.
1282 329 1339 389 191

289 479 358 544 VII.
392 480 548 558 Quoniam
582 498 656 544 vero
691 480 776 544 inter
807 479 905 543 libros
940 479 1115 560 prohibitos
1148 480 1171 544 ii
1201 481 1254 562 qui
1286 499 1345 561 per

184 566 323 631 Litteras
346 567 543 647 Apostolicas
568 567 708 632 damnati
731 572 814 646 sunt,
839 584 1003 630 censuram
1026 567 1158 647 11111111
1180 568 1272 631 modo
1295 587 1345 633 re·

184 659 344 718 servatam
367 653 494 720 Summo
518 652 662 719 Pontifici
689 655 867 736 legentibus
889 655 1030 731 inurunt,
1061 660 1173 735 petunt
1194 654 1345 736 Episcopi

184 747 222 806 ut
243 741 354 806 horum
377 741 539 821 libromm,
564 742 754 806 auctoritate
769 741 910 819 Consilii,
934 740 1103 824 peculiaris
1122 748 1154 806 et
1177 741 1345 807 distinctus

184 829 283 893 Index
304 827 370 894 liat.

290 916 373 981 VIII.
397 913 581 996 (dotandum
598 921 647 980 est
663 917 745 997 quod
761 915 928 997 Episcopis
950 916 983 978 in
999 913 1132 999 Synodis
1149 915 1345 981 dioecesanis

183 1003 288 1081 liceat,
312 1002 416 1084 quoad
438 1004 639 1068 reductiones
663 1002 841 1081 Missarum,
872 1004 919 1067 uti
942 1002 1148 1067 facultatibus
1172 1022 1191 1066 a
1213 1003 1351 1067 Triden'

183 1091 252 1155 tina
275 1089 401 1172 Synodo
418 1091 575 1156 concessis
599 1091 681 1158 Sess
701 1095 752 1168 25,
776 1089 890 1171 (1114
914 1091 952 1154 de
967 1088 1104 1154 Reform.
1128 1090 1224 1155 etiam
1240 1091 1344 1171 quoad

183 1177 385 1243 fundationes
418 1181 614 1258 posteriores·
643 1178 742 1242 eidem
775 1176 928 1254 Concilio,
965 1177 1124 1257 abrogatis
1158 1178 1345 1242 declaratio-

184 1264 278 1332 nibus
302 1271 334 1329 et
366 1265 605 1330 limitationibus
637 1265 849 1346 usquemodo
879 1265 964 1345 apud
987 1282 1044 1328 nos
1067 1265 1262 1345 vigentibus,
1296 1271 1345 1328 at-

184 1357 274 1417 tenta
294 1351 430 1416 maxime
443 1357 619 1432 temporum
636 1351 830 1432 difficultate,
854 1358 887 1416 et
902 1361 938 1416 ut
960 1352 1151 1433 diligentiori
1167 1370 1244 1417 cura
1258 1352 1345 1417 intra

183 1440 415 1522 praescriptum
437 1443 562 1520 tempus
585 1440 645 1521 piis
668 1440 814 1504 oneribus
838 1439 985 1507 satisfiat.

637 1526 699 1591 Pro
723 1528 893 1608 praedictis
916 1527 1081 1619 Episcopis

363 1634 366 1645 ’
492 1613 688 1695 1Η1111111
712 1614 818 1695 Episc.
842 1615 1007 1679 Pistorien.
1032 1619 1064 1678 et
1086 1614 1214 1678 Praten.

604 2013 638 2095 6.
665 2011 933 2094 Postumus

482 2168 673 2236 narseum
696 2168 1042 2236 aoncouomusts.

289 2308 513 2390 Infrascriptus
535 2309 710 2392 Episcopus
733 2309 970 2376 Concordiensis
997 2311 1158 2375 humiliter
1180 2312 1347 2392 proponit:

293 2403 321 2462 1.
356 2397 401 2462 Ut
422 2397 481 2477 len,
505 2416 567 2478 qua
583 2396 701 2461 Christi
724 2397 832 2462 fideles
856 2399 965 2462 diebus
980 2397 1112 2462 Sabbati
1128 2416 1239 2463 carnes
1256 2417 1343 2463 man-

184 2485 302 2550 ducare
324 2484 541 2565 probibentur,
577 2488 729 2564 abrogata
751 2485 941 2563 declaretur,
974 2486 1021 2548 uti
1040 2487 1107 2566 jam
1137 2485 1198 2550 fuit
1225 2487 1348 2549 innon

183 2573 294 2652 paucis
309 2573 497 2652 regionibus,
522 2579 652 2654 excepto
668 2572 937 2654 Quadragesimae
953 2578 986 2636 et
1001 2573 1165 2637 Adventus
1188 2579 1341 2652 tempore,
1455 2619 1457 2624 -

182 2666 215 2724 et
236 2658 296 2724 boc
319 2659 359 2745 ob
381 2659 540 2740 physicam
571 2659 733 2724 hominum
764 2660 1026 2737 constitutionem,
1060 2679 1139 2741 quae
1172 2660 1210 2724 de
1234 2660 1285 2723 die
1308 2661 1341 2724 in

184 2747 268 2811 diem
290 2746 391 2828 magis
414 2746 605 2824 debilitatur,
629 2753 662 2810 et
677 2746 718 2811 ad
741 2746 891 2811 scandala
906 2747 1046 2826 vitanda,
1069 2747 1218 2812 namhoc
1233 2746 1344 2812 Eccle-

185 2833 250 2898 siae
265 2839 468 2915 praeceptum
491 2835 542 2897 vix
558 2834 754 2911 observatur,
777 2843 811 2898 et
833 2852 895 2897 non
915 2834 1008 2914 pauci
1031 2839 1181 2915 putantes
1197 2852 1254 2915 pro
1277 2851 1344 2898 om-

184 2920 278 2986 nibus
300 2920 419 2986 factam
442 2938 511 2986 esse
534 2922 777 3002 concessionem,
809 2939 920 2987 carnes
944 2923 1011 2986 sine
1034 2923 1244 2987 conscientiae
1267 2939 1344 3002 per-

185 3008 366 3074 turbatione
389 3009 590 3074 manducant.

293 3101 321 3158 2.
354 3095 399 3161 Ut
431 3094 596 3177 Episcopis
634 3095 792 3160 tribuatur
828 3102 971 3177 potestas
1008 3095 1211 3177 dispensandi
1248 3112 1344 3177 super

184 3182 414 3264 impedimentis
437 3183 629 3247 matrimonii
656 3184 734 3247 ortis
756 3201 795 3246 ex
817 3185 912 3247 tertio
944 3188 977 3248 11
999 3187 1113 3264 quarto
1145 3182 1247 3264 gradu
1271 3199 1343 3246 con-

184 3270 408 3351 sanguinitatis
432 3275 464 3333 et
486 3269 656 3347 affinitatis,
687 3277 720 3334 et
743 3288 780 3334 ex
803 3270 928 3352 publica
949 3271 1132 3347 honestate3
1165 3288 1236 3334 cum
1259 3271 1347 3334 enim

183 3357 372 3439 praesertim
394 3357 427 3420 in
450 3358 573 3438 oppidis
596 3357 716 3422 nullum
738 3357 805 3422 iere
828 3357 971 3423 contrahi
993 3357 1093 3440 possit
1107 3358 1342 3422 matrimonium
1394 3386 1397 3393 ·

143 3481 154 3513 ι
184 3445 260 3525 quin
282 3460 360 3524 opus
384 3445 426 3507 sit
448 3445 604 3526 ejusmodi
626 3446 919 3526 dispensationibus,
943 3446 1116 3510 timendum
1139 3450 1190 3509 111
1210 3461 1251 3507 11
1273 3443 1345 3525 quis

182 3530 270 3597 bisce
292 3532 476 3596 miserrimis
491 3533 695 3613 temporibus,
720 3533 752 3595 in
776 3534 888 3612 quibus
911 3532 989 3597 fides
1012 3539 1044 3597 11
1067 3533 1169 3614 111111
1192 3530 1342 3612 refriges-

184 3623 268 3698 cunt,
286 3617 375 3683 civile
390 3620 624 3683 matrimonium
640 3618 829 3684 contrahere
844 3619 944 3698 malit,
960 3638 1055 3701 quam
1070 3638 1089 3683 a
1104 3617 1136 3683 S.
1153 3618 1234 3684 Sede
1248 3636 1342 3700 prae-

184 3705 286 3771 dictas
298 3706 550 3785 dispensationes
561 3711 680 3786 petere,
697 3712 792 3787 atque
808 3712 843 3770 ut
859 3708 1009 3786 obtineat,
1026 3707 1191 3788 pecuniam
1208 3706 1341 3770 solvere.

290 3797 320 3859 3.
356 3793 400 3858 Ut
422 3793 462 3857 ad
485 3792 628 3857 vitandas
653 3795 878 3872 contentiones,
910 3795 1004 3872 rixas,
1036 3794 1230 3871 inimicitias,
1261 3809 1345 3873 quae·

182 3877 273 3944 facile
295 3880 440 3944 oriuntur
463 3898 500 3944 ex
523 3880 721 3962 sponsalibus
753 3887 873 3946 temere
895 3890 928 3946 et
952 3882 1034 3947 clam
1057 3881 1233 3957 celebratis,
1269 3896 1343 3942 con·

183 3967 334 4031 stituatur
357 3967 467 4031 debinc
483 3968 644 4047 sponsalia
666 3968 852 4049 quaefacta
874 3988 936 4033 non
959 3968 1076 4032 luerint
1092 3985 1160 4031 cum
1185 3965 1341 4047 aliquibus

184 4055 433 4119 solemnitatibus
462 4073 508 4119 en.
532 4073 579 4136 gr.
611 4073 717 4119 coram
749 4056 870 4122 duobus
893 4057 1042 4135 testibus,
1077 4072 1114 4118 ac
1136 4053 1263 4118 monitis
1287 4071 1347 4133 pa--
1408 4114 1411 4119 ,

184 4142 338 4221 rentibus,
370 4159 438 4207 esse
461 4142 615 4220 invalida,
649 4149 744 4224 atque
776 4160 846 4206 cum
870 4142 1121 4208 solemnitatibus
1143 4141 1237 4220 inita,
1272 4140 1343 4206 fieri

185 4229 321 4295 invalida
343 4229 383 4310 si,
414 4231 490 4311 quin
512 4236 711 4310 renoventur,
742 4247 842 4294 annus
864 4231 990 4310 integer
1012 4247 1050 4294 ex
1071 4247 1133 4310 quo
1156 4228 1242 4293 iacta
1265 4234 1341 4292 sunt

181 4321 334 4381 transeat.
