2946 4942
203 326 246 389 82
267 368 270 373 ,
700 339 867 390 rossanam

310 485 340 545 2.
373 479 454 545 Nam
491 481 582 560 ,riva
621 485 654 545 et
688 478 862 545 infallibilis
895 481 1070 546 auctoritas
1107 481 1141 545 in
1169 499 1210 545 ea
1240 485 1367 547 tantum

202 570 290 651 viget
320 567 480 648 Ecclesia,
514 585 596 649 quae
627 565 797 633 aOhrista
821 567 953 633 Domino
976 585 1072 649 super
1093 567 1244 645 Petrum,
1270 568 1366 634 totius

202 655 366 723 Ecclesiae
388 653 501 737 Caput,
524 655 710 736 Principem,
735 658 768 718 et
789 654 966 735 Pastorem,
989 656 1078 737 crujus
1090 653 1186 720 fidem
1205 673 1366 737 nunqnam

167 813 169 818 ,
203 742 383 808 defuturam
416 743 573 824 promisit,
609 739 792 820 aedificata,
826 761 901 807 suos
932 742 1089 824 legitimos
1122 760 1249 824 semper
1272 743 1367 809 habet

203 829 393 910 Pontifices,
422 829 490 894 sine
512 828 744 897 intermissione
768 830 808 895 ab
831 830 900 911 ipsc
922 829 1018 894 Petro
1041 829 1192 894 ducentes
1214 829 1367 913 origine·

203 918 237 982 in
260 917 328 998 ejus
352 915 512 982 Cathedra
535 916 715 995 collocatae,
740 922 773 981 et
796 915 937 997 ejusdem
961 918 1058 982 etiam
1080 917 1255 997 doctrinae,
1267 917 1367 999 digni·

204 1005 291 1084 tatis,
315 1004 454 1084 honoris,
479 1022 516 1068 ac
539 1004 707 1085 potestatis
730 1003 882 1069 haeredes
905 1009 940 1070 et
960 1004 1109 1070 uindices.
1147 1005 1187 1069 Et
1207 1005 1366 1086 quoniam,

202 1092 257 1157 ubi
279 1091 403 1171 Petrus,
425 1092 469 1157 ibi
491 1089 644 1170 Ecclesia,
652 1092 676 1171 ¹)
700 1109 738 1155 ac
760 1091 873 1156 Petrus
902 1110 960 1174 per
982 1091 1158 1157 Romanum
1180 1090 1365 1159 Pontificem

202 1179 382 1262 loquitur,²)
417 1185 450 1244 et
478 1195 603 1260 semper
631 1179 666 1243 in
697 1179 763 1243 suis
786 1179 1029 1245 successoribus
1058 1179 1136 1245 vivit
1158 1184 1192 1245 et
1209 1178 1367 1262 judicium

202 1268 368 1348 exercetl)
398 1285 437 1331 ac
471 1270 617 1347 praestat
650 1267 874 1347 quaerentibus
904 1265 978 1331 fidei
1005 1267 1225 1348 veritatem34)
1248 1264 1367 1333 idcirco

202 1353 310 1419 divina
332 1353 458 1435 eloquia
480 1372 518 1418 eo
542 1353 635 1435 plane
659 1371 755 1417 sensu
777 1359 852 1418 sunt
875 1354 1068 1436 accipienda,
1092 1371 1187 1435 quem
1209 1355 1367 1421 renuitae

202 1445 291 1506 tenet
323 1439 401 1504 haec
422 1441 564 1506 Romana
589 1440 769 1504 Beatissimi
790 1440 879 1505 Petri
903 1439 1082 1520 cathedra,
1114 1459 1196 1522 quae
1226 1442 1368 1507 omnium

203 1527 419 1593 Ecclesiarum
442 1527 548 1593 Mater
570 1533 602 1592 et
624 1527 810 1609 Magistra⁵l
833 1526 927 1593 fidem
950 1546 970 1592 a
993 1527 1120 1593 Christo
1144 1518 1281 1594 Domino
1304 1533 1367 1593 tra·

205 1615 305 1680 ditam
338 1616 496 1696 integram
517 1615 764 1696 inviolatamque
786 1632 910 1697 semper
932 1616 1077 1696 servavit,
1101 1633 1235 1697 eamque
1256 1613 1368 1681 fideles

202 1702 338 1783 edocuit,
362 1702 505 1768 omnibus
528 1703 698 1768 ostendens
721 1701 834 1767 salutis
856 1703 1003 1768 semitam
1017 1710 1051 1769 et
1065 1704 1270 1786 incorruptae
1286 1702 1368 1769 uerl-

201 1790 278 1855 tatis
302 1790 541 1865 doctrinam.“⁶)

675 2082 896 2163 RATIONES,

224 2208 260 2272 ob
284 2227 366 2288 qaas
388 2206 519 2273 Schema
541 2225 644 2287 capra
659 2207 866 2287 propositam
887 2206 993 2289 mapis
1017 2204 1167 2286 expedire
1190 2205 1346 2273 creditur.

306 2346 332 2412 Ι.
368 2347 474 2412 Primo
497 2346 619 2428 sperari
641 2350 712 2411 tuto
735 2351 851 2428 potest,
874 2344 942 2410 iore
970 2347 1007 2409 ut
1028 2343 1208 2425 huiusmodi
1231 2344 1367 2413 Schema

149 2507 167 2533 ι
201 2432 347 2500 Patribus
370 2435 461 2516 quasi
482 2434 637 2500 universis
659 2434 761 2514 magis
783 2433 932 2511 arrideat,
957 2436 989 2496 et
1011 2449 1120 2497 corum
1141 2434 1289 2498 unanimi
1301 2432 1366 2499 iera

201 2519 353 2604 suffragio
376 2521 587 2588 confirmetur.
641 2519 792 2586 Continet
813 2521 898 2586 enirn
920 2525 1008 2586 certa
1030 2526 1063 2586 et
1084 2519 1273 2603 inconcussa
1295 2520 1366 2589 doc-

201 2607 305 2673 trinae
328 2607 512 2675 Catholicae
549 2608 705 2690 principia
731 2610 799 2691 jam
833 2609 867 2672 in
890 2608 1038 2673 universa
1060 2605 1206 2673 Ecclesia
1229 2614 1365 2690 recepta,

201 2713 346 2777 quaeque
371 2698 545 2778 agnoscunt
567 2701 600 2760 et
621 2693 812 2777 profitentur
834 2713 960 2776 omnes,
983 2695 1094 2776 paucis
1117 2696 1268 2779 exceptis,
1292 2712 1365 2779 quo·

201 2801 272 2933 ruffin
303 2801 452 2848 numerus
487 2783 567 2848 adeo
596 2781 727 2865 exiguus
761 2791 829 2862 est,
853 2787 889 2847 ut
912 2783 979 2864 ejns
1002 2780 1091 2846 nulla
1111 2782 1196 2848 ratio
1219 2780 1365 2849 habenda

201 2871 233 2935 vi
257 2874 359 2938 eatur.

309 2958 351 3022 11.
385 2956 484 3022 Plena
498 2956 579 3023 haec
592 2954 724 3021 Petrum
741 2957 880 3021 omnium
910 2955 972 3039 (vel
988 2956 1102 3021 saltem
1116 2955 1185 3021 fere
1203 2954 1363 3040 omniurn),

201 3046 368 3111 consensio
398 3063 463 3110 non
499 3044 601 3110 solum
636 3043 781 3125 expedit,
802 3043 874 3108 sed
902 3044 1028 3108 omnino
1051 3042 1206 3125 postulari
1227 3042 1362 3121 videtur,

201 3133 327 3215 quando
352 3133 457 3215 agitur
480 3133 519 3198 de
543 3133 647 3213 capite
669 3130 832 3196 doctrinae
855 3128 1051 3197 definiendo:
1075 3130 1268 3212 praesertim
1283 3131 1363 3195 inre

200 3221 284 3284 tanti
305 3220 473 3300 momenti,
505 3237 585 3301 quae
616 3236 692 3284 sane
721 3219 846 3282 nemine
881 3218 921 3297 (si
942 3217 977 3282 id
998 3216 1068 3282 fieri
1091 3219 1206 3301 possit)
1241 3216 1361 3283 dissen-

200 3306 301 3372 tiente
324 3304 448 3372 definiri
470 3306 634 3372 deberet·

306 3394 364 3460 III.
398 3393 469 3459 Hoc
491 3399 599 3458 autem
622 3397 765 3473 tempore
787 3392 942 3475 ejusmodi
958 3389 1149 3456 unanimitas
1164 3406 1362 3473 summopere

200 3481 382 3548 necessaria
411 3481 537 3547 videtur
568 3479 609 3545 ob
638 3498 730 3545 voees
757 3479 791 3543 in
814 3479 926 3560 vulgus
949 3496 1078 3560 sparsas
1101 3482 1134 3542 et
1156 3476 1277 3560 ubique
1299 3494 1363 3545 arc·

201 3568 293 3648 ditas,
318 3568 431 3651 quibus
453 3585 570 3650 magna
592 3567 675 3637 inter
697 3566 810 3631 Patres
832 3568 892 3631 hac
915 3565 953 3630 de
976 3584 1011 3630 re
1034 3564 1194 3630 discordia
1208 3582 1281 3631 esse
1295 3581 1363 3649 pcr-

200 3655 338 3722 hibetur.
382 3655 549 3722 Unanimis
571 3646 704 3719 Patrium
727 3650 867 3719 definitio
883 3653 1026 3719 hostibus
1052 3652 1169 3717 nostris
1184 3652 1231 3717 sic
1245 3656 1363 3719 temera

200 3742 411 3825 gloriantibus
442 3761 478 3809 os
501 3743 628 3824 penitus
650 3742 845 3823 obstrueret,
869 3745 903 3805 et
925 3741 1095 3805 maximam
1118 3737 1285 3807 Ecclesiae
1306 3737 1363 3804 Dei

201 3899 408 3913 —n—

309 4003 330 4074 ¹)
350 4002 377 4062 S.
395 4003 560 4058 Ambrosius
578 4002 607 4057 in
625 4002 670 4057 Pa.
689 4002 748 4057 XL.
822 4002 843 4069 ¹)
863 4001 964 4058 Oancil.
983 3998 1114 4057 chalced.
1132 3999 1195 4056 Act.
1214 4000 1251 4058 11.

309 4077 320 4180 Ξ
351 4071 803 4212 gylffeffisssglhssgsfftinlgpist
822 4139 857 4196 ad
875 4141 995 4211 Eutych.
1332 4101 1335 4108 .

308 4217 320 4250 ⁶
351 4213 454 4272 Concil.
472 4213 549 4267 Trid
568 4213 641 4268 Sese.
658 4212 722 4271 Vll.
740 4212 775 4267 de
793 4212 874 4280 Bapt.

309 4283 333 4352 6)
351 4281 399 4337 SS.
424 4284 458 4336 D.
476 4282 511 4338 N.
529 4282 658 4351 Epistola
676 4282 789 4351 Encycl.
804 4285 842 4338 ·9.
860 4282 974 4340 Navem.
993 4282 1076 4348 1846,
1102 4295 1120 4335 a
1138 4278 1260 4337 maudo
1278 4276 1360 4339 auar-

202 4352 322 4409 morensi
339 4351 469 4408 Plenario
488 4353 524 4406 ΙΙ.
542 4352 642 4418 relata,
660 4353 690 4407 in
708 4353 828 4408 Decreta
847 4351 881 4408 de
899 4351 1069 4420 Hierarchia,
1088 4349 1157 4419 (lap.
1175 4350 1213 4405 ΙΙ.
1230 4348 1359 4420 ΜΝ.
