2954 4936
560 313 599 359 DE
624 313 766 362 detunsis
788 313 915 362 CHRISTI.

594 587 882 673 OANONES

498 731 554 796 nx
578 730 784 797 neonusnl
807 730 983 798 onmem.
1050 752 1053 758 ·

725 942 748 1006 1.

262 1062 296 1129 Si
319 1065 389 1146 quis
413 1064 538 1142 dixerit,
564 1062 683 1128 Christi
698 1063 886 1146 religionem
908 1067 941 1128 in
957 1065 1045 1129 nulla
1055 1066 1206 1147 peculiari
1218 1069 1316 1134 socie-

157 1155 225 1216 tate
248 1151 378 1232 abipso
402 1149 528 1216 Christo
552 1150 687 1216 fundata
710 1157 869 1216 extantem
892 1157 926 1217 et
949 1170 1129 1235 expressam
1151 1172 1234 1235 esse,
1259 1157 1316 1222 sed

157 1256 177 1302 a
211 1237 343 1320 singulis
367 1256 524 1320 seorsum,
560 1258 624 1304 non
656 1239 764 1304 habita
791 1240 915 1304 ratione
939 1241 978 1304 ad
1003 1240 1100 1305 ullam
1122 1243 1316 1324 societatem,

156 1343 238 1406 quae
270 1343 344 1390 vera
376 1327 474 1408 ipsius
498 1326 641 1392 Ecclesia
670 1327 725 1405 sit,
751 1327 810 1390 rite
835 1328 996 1392 observari
1020 1332 1054 1392 et
1077 1328 1177 1393 excoli
1200 1347 1315 1412 posse3
1421 1404 1422 1410 η

155 1413 330 1478 anathema
354 1415 406 1480 sit.

729 1607 768 1671 ΙΙ.

263 1729 387 1812 Siquis
411 1730 534 1810 dixerit,
559 1729 733 1795 Ecclesiam
756 1749 776 1792 a
799 1728 926 1795 Christo
950 1731 1084 1794 Domino
1107 1730 1226 1794 nullam
1249 1748 1316 1796 cer·

158 1824 224 1884 tarn
248 1822 286 1883 ac
306 1818 533 1883 immutabilem
558 1817 790 1883 constitutionis
813 1816 946 1882 formam
963 1818 1132 1898 accepisse,
1145 1819 1202 1883 sed
1217 1836 1317 1899 aeque

158 1925 195 1971 ac
218 1905 356 1986 reliquas
379 1906 541 1970 hominum
565 1906 744 1984 societates,
757 1923 814 1986 pro
836 1910 1013 1986 temporum
1026 1905 1210 1970 diversitate
1224 1906 1317 1971 vicis·

159 1994 347 2059 situdinibns
382 1998 414 2058 et
436 1991 767 2058 transformationibus
791 1992 967 2074 subjectam
988 1990 1101 2071 fuisse,
1126 1998 1183 2058 aut
1205 1992 1317 2073 subjici

159 2083 267 2162 posse,
293 2080 463 2147 anathema
486 2082 536 2147 sit.

712 2272 767 2336 III.

264 2393 297 2459 Si
327 2396 397 2477 quis
420 2394 554 2474 dixerit,
587 2394 763 2458 divinarum
786 2394 1029 2474 promissionum
1052 2393 1229 2459 Ecclesiam
1251 2411 1315 2460 nou

159 2499 227 2547 esse
256 2483 441 2548 societatem
464 2488 626 2548 externam
648 2499 685 2545 ac
709 2481 931 2561 conspicuam,
956 2482 1011 2546 sed
1034 2485 1136 2545 totam
1158 2481 1316 2546 internam

160 2588 197 2636 ao
218 2569 425 2646 invisibilem,
450 2570 618 2634 anathema
641 2570 692 2635 sit.

712 2761 763 2824 IV.

265 2884 298 2949 Si
328 2884 398 2964 quis
431 2884 558 2963 dixerit,
576 2948 579 2952 ,
595 2901 703 2947 veram
726 2882 900 2948 Ecclesiam
924 2900 986 2947 non
1009 2901 1078 2948 esse
1101 2900 1199 2947 unum
1221 2884 1253 2948 in
1276 2901 1313 2948 se

158 2989 291 3054 eorpus,
314 2972 371 3035 sed
393 2990 432 3036 ex
454 2972 551 3054 variis
575 2970 756 3052 dissitisque
772 2969 938 3035 christiani
954 2969 1087 3035 nominis
1111 2969 1316 3036 societatibus

160 3063 320 3138 constare,
356 3077 414 3140 per
444 3076 560 3140 easque
592 3055 736 3123 diffusam
759 3075 844 3136 esse;
879 3060 934 3120 aut
955 3057 1058 3122 varias
1081 3058 1252 3123 societates
1275 3058 1316 3123 ab

159 3146 292 3212 invicem
315 3144 388 3211 fidei
411 3144 819 3229 professionedissidentes
843 3149 940 3225 atque
962 3145 1178 3210 communione
1196 3145 1315 3227 sejunc-

160 3238 217 3314 tas,
244 3239 394 3314 tanquam
418 3234 558 3298 membra
581 3233 631 3298 vel
653 3239 760 3315 partes
795 3250 890 3297 unam
914 3237 947 3296 et
968 3232 1178 3298 universalem
1201 3233 1315 3298 consti·

159 3327 248 3386 tuere
272 3319 391 3386 Christi
415 3319 610 3398 Ecclesiam3
635 3321 804 3385 anathema
827 3320 878 3385 sit.

716 3512 754 3575 V.

264 3635 397 3716 Siquis
431 3633 560 3714 dixerit,
595 3635 768 3701 Ecclesiam
792 3634 910 3700 Christi
941 3651 1005 3700 non
1032 3652 1102 3700 esse
1132 3635 1317 3702 societatem

161 3723 202 3788 ad
232 3727 395 3788 aeternam
425 3722 561 3787 salutem
585 3723 836 3804 consequendam
859 3723 985 3799 omnino
1008 3722 1236 3803 necessariam
1260 3729 1317 3788 aut

161 3809 391 3962 ffiminffl'tper
424 3810 562 3892 cujusvis
594 3810 756 3893 religionis
800 3810 919 3875 cultum
957 3809 1074 3875 salvari
1100 3828 1206 3891 posse3
1242 3827 1316 3876 aua·

196 3917 267 3964 ema
289 3916 339 3963 sr.

212 4123 215 4130 ·
715 4089 768 4154 Vl.
1012 4144 1016 4154 .

173 4187 201 4287 ’ζ
223 4191 233 4288 ,’
265 4214 299 4281 Si
321 4214 391 4295 quis
413 4174 538 4294 dixerit,
562 4197 800 4280 intolerantiam
817 4190 913 4290 illam
929 4229 993 4293 qiua
1003 4194 1146 4290 Ecclesia
1161 4210 1319 4292 catholica

167 4314 269 4368 omnes
292 4301 460 4383 religiosas
483 4307 585 4366 sectas
609 4319 630 4367 a
650 4317 710 4374 sua
732 4299 949 4375 communione
961 4303 1129 4382 moecatus
1151 4300 1318 4382 proscribit
