2946 4942
596 309 635 356 on
659 309 840 358 1111111111.
1245 297 1306 358 195

141 447 234 528 legia
257 448 513 527 concederentur,
538 449 709 529 exquibus
733 453 894 512 caeterum
926 448 1014 512 nulla
1041 432 1184 513 oriuntur
1213 450 1306 528 mala,

146 534 204 599 ubi
234 532 418 615 PraesuleS‚
454 535 536 599 sicut
567 536 687 616 passim
720 535 847 613 accidit,
884 535 954 600 aliis
996 535 1188 614 Ordinariis,
1223 537 1308 602 intra

141 639 283 702 quorum
303 623 501 688 Dioecesium
523 621 593 687 loca
616 623 815 688 continentur
838 623 957 688 eisdem
980 641 1135 703 concessa,
1159 641 1222 688 nou
1246 623 1308 689 dis-

142 710 298 774 sentiunt.

255 797 299 860 At
321 814 382 860 non
406 795 452 860 ita
474 796 578 860 evenit
599 797 632 860 in
654 795 768 876 Sicilia,
793 796 845 860 ubi
870 802 919 861 est
941 797 1097 878 quaedam
1120 797 1308 864 Praelatura

147 882 472 947 Arabimondritatas
494 885 631 961 nomine,
663 902 699 948 ac
723 883 916 949 Mouasterio
940 883 1028 949 ssni
1051 885 1224 950 Salvatoris
1249 887 1308 952 Or-

148 970 232 1034 dinis
249 969 280 1035 S.
296 969 406 1034 Basilii
429 969 594 1035 Messanae
617 969 749 1036 adnexa.
794 970 881 1036 Haec
904 978 1141 1037 suam-exercet
1161 973 1308 1055 jurisdic-

147 1058 268 1121 tionem
300 1076 369 1122 cum
392 1057 425 1120 in
448 1057 605 1122 nonnullis
629 1057 766 1140 ejusdem
792 1056 937 1122 Civitatis
968 1058 1058 1139 locis,
1091 1066 1159 1124 tum
1182 1060 1214 1125 in
1239 1060 1308 1125 aliis

148 1145 245 1209 terris
261 1144 458 1209 Dioecesium
474 1143 687 1210 Messanensis
714 1150 747 1210 et
762 1144 932 1225 Pantanus,
950 1145 1204 1211 Archimandrita
1219 1148 1308 1229 quin-

146 1232 306 1313 quaginta
327 1230 440 1297 abhinc
466 1232 557 1297 anuis
580 1251 642 1297 non
675 1230 736 1296 fuit
770 1231 907 1312 eiectus;
942 1238 1037 1313 atque
1066 1233 1137 1299 ideo
1160 1234 1309 1300 Monachi

148 1336 208 1399 per
231 1319 388 1382 Vitorium
413 1316 627 1401 Capitularem
646 1319 698 1399 Jus
721 1320 839 1384 eisdem
862 1338 1045 1385 concessum
1068 1327 1283 1386 exercuerunt.

258 1405 344 1482 Quae
368 1411 401 1470 et
423 1412 544 1488 quauta
565 1407 650 1470 mala
672 1406 744 1470 inde
768 1413 840 1472 orta
861 1405 979 1472 fuerint
1004 1408 1133 1490 longum
1155 1413 1239 1474 esset
1261 1429 1310 1474 re-

149 1490 246 1556 ferre.
292 1493 465 1573 Disciplina
488 1494 622 1573 diversa,
647 1500 679 1557 et
702 1494 845 1559 diversae
867 1492 996 1560 fuerunt
1024 1496 1110 1576 leges
1139 1496 1222 1561 inter
1243 1497 1310 1561 loca

148 1577 298 1659 finitima,
337 1580 382 1644 ita
404 1584 440 1644 ut
469 1579 603 1663 populus
627 1581 687 1645 sibi
714 1583 905 1662 persuadere
927 1601 990 1647 uon
1012 1583 1131 1648 valeret
1154 1584 1310 1664 quomodo

149 1685 215 1731 uno
238 1666 306 1732 loco
329 1666 439 1732 liceret
462 1668 546 1748 quod
569 1669 602 1732 in
624 1668 766 1750 proximo
790 1667 877 1735 nefas
900 1676 995 1734 esset.
1041 1670 1170 1750 Clerici,
1195 1671 1309 1751 quibus

150 1755 265 1820 merito
289 1755 330 1818 ab
353 1754 596 1837 archiepiscopo
620 1755 816 1820 Messanensi
839 1756 889 1820 vel
911 1756 1057 1822 Pacteusi
1079 1758 1234 1839 Episcopo
1258 1759 1311 1823 de-

149 1843 332 1922 negabatur
355 1841 397 1906 ad
419 1859 525 1906 saeros
542 1840 676 1907 Ordines
700 1860 858 1923 ascensus,
882 1841 967 1908 facili
990 1846 1112 1911 ratione
1127 1843 1311 1910 Archiman·

151 1929 289 1992 dritatus
313 1927 404 1994 Clero
429 1929 704 2010 adscribebantur,
736 1935 767 1994 et
790 1930 835 1996 sic
857 1936 969 2011 optata
990 1932 1193 2013 potiebantur
1215 1937 1310 1998 meta.

149 2015 334 2097 Presbyteri
356 2016 523 2096 interdum,
547 2017 660 2098 quibus
684 2017 724 2081 ab
742 2017 980 2099 Archiepiscopo
996 2018 1193 2084 Messanensi
1214 2020 1311 2085 inter-

151 2103 319 2167 dicebatur
335 2103 513 2181 celebratio,
538 2104 571 2168 in
587 2104 739 2169 Ecclesiis
756 2105 1062 2170 Archimandritatus
1077 2124 1202 2170 sacrum
1217 2105 1312 2174 facic-

150 2191 245 2254 bant:
263 2190 350 2255 nulla
366 2191 500 2271 denique
515 2209 572 2272 per
586 2196 635 2257 tot
650 2210 749 2256 anuos
766 2210 857 2257 sacra
873 2193 1011 2257 visitatio
1027 2191 1087 2257 luit
1101 2212 1158 2274 per
1170 2195 1311 2259 Vicarios

149 2275 353 2358 Capitulares
387 2284 532 2358 peracta,
564 2297 601 2343 ac
635 2279 765 2359 perinde
798 2280 869 2344 loca
900 2281 1070 2344 eorundem
1100 2280 1312 2360 jurisdictioni

151 2364 296 2444 subiecta
327 2364 485 2431 scandalis
513 2370 647 2430 scatent.
692 2366 729 2429 111
751 2385 916 2447 praesens,
951 2368 1144 2432 Monasterio
1175 2386 1232 2449 per
1255 2387 1312 2450 gu-

151 2451 256 2517 bemii
277 2452 379 2533 legem
404 2470 580 2534 suppresso,
604 2454 708 2533 ipsum
732 2450 912 2534 Capitulum
935 2459 984 2518 est
1011 2454 1206 2519 dissolutum.

259 2540 347 2604 Haeo
370 2540 476 2604 omnia
499 2558 595 2619 quum
617 2539 764 2607 Sanctam
788 2539 900 2614 Sedem
924 2560 986 2605 non
1008 2542 1154 2621 laterent,
1169 2556 1233 2622 ¹pro
1256 2561 1314 2623 pn·

152 2626 273 2705 storali,
298 2645 393 2708 quam
417 2627 540 2691 obtinet
562 2626 772 2692 sollicitudine
795 2629 893 2692 totius
911 2626 1014 2708 Orbis,
1038 2629 1154 2710 pluries
1177 2633 1314 2694 mentem

152 2730 246 2779 suam
269 2714 394 2795 aperuit
417 2715 456 2779 de
479 2714 659 2796 hujusmodi
681 2715 771 2779 malis
794 2715 989 2796 reparandis.
1134 2791 1136 2795 v

260 2800 351 2866 Nune
374 2819 470 2883 quum
500 2801 608 2866 forsan
637 2801 694 2865 abs
717 2821 752 2866 re
785 2803 925 2882 nonsit,
959 2808 995 2868 ut
1018 2800 1190 2868 Concilium
1215 2803 1315 2869 Oenu-

155 2887 311 2952 menicum
334 2888 520 2953 Vaticanum
545 2887 664 2969 aliquid
695 2889 834 2971 attingat
867 2889 905 2955 de
929 2908 1009 2955 nova
1032 2890 1231 2955 Dioecesium
1255 2892 1315 2956 cir-

155 2977 413 3056 cumscriptione,
436 2976 515 3039 haec
538 2976 724 3056 exponenda
753 2983 966 3059 opportunum
985 2977 1136 3059 judicavi,
1167 2982 1202 3040 ut
1224 2983 1315 3042 tanto

157 3061 238 3126 malo
262 3063 436 3128 remedium
460 3060 621 3128 afferatur.

264 3167 323 3231 Die
347 3173 376 3232 8.
399 3167 566 3231 Februarii
593 3172 685 3232 1870.

594 3306 805 3384 HumillimuS,
830 3311 862 3370 et
886 3307 983 3372 Orbus
1007 3305 1158 3372 Subditus

498 3410 519 3492 †
544 3410 689 3493 Aloysius
713 3409 973 3492 acchiepiscopus
996 3411 1216 3476 Messanensis.

387 3889 388 3893 Ν
546 3793 594 3874 n.
636 3791 940 3875 rosconmon

440 3948 703 4015 ,Episcopi
734 3949 1021 4014 VICENTINI.

268 4105 454 4171 Postulatur
477 4113 513 4171 ut
536 4106 667 4173 tollatur
689 4107 839 4188 obligatio
863 4106 1071 4173 transferendi
1091 4107 1203 4173 Cilicia
1226 4107 1320 4175 dano-

160 4199 269 4257 torum
291 4192 373 4258 festo
396 4195 500 4275 aliquo
525 4195 636 4276 majori
658 4194 816 4276 impedita,
840 4195 987 4275 imposita
1009 4200 1133 4260 tautum
1149 4198 1320 4262 eorundem

160 4283 457 4346 commemoratione
481 4282 513 4345 in
537 4280 649 4347 Officio
673 4287 705 4347 et
729 4281 825 4347 Missa
848 4283 975 4366 majoris
999 4281 1095 4350 Festi.

1165 4389 1214 4441 13*
