2946 4942
593 338 632 384 ou
655 337 835 386 orsorrnrur.
1236 325 1298 387 133

247 477 400 560 Episcopi
435 482 556 556 autem,
581 477 634 557 qui
657 477 736 542 nulli
759 477 1002 559 Arcbiepiscopo
1027 478 1245 559 subjiciuntur,
1269 483 1300 543 et

139 565 282 631 Abbates
305 583 380 629 vere
403 564 531 643 nullius,
554 565 631 628 item
655 565 890 647 Arcbiepiscopi
913 562 1124 647 suffraganeis
1154 568 1301 631 carentes

140 654 279 734 aliquem
301 652 437 716 vicinum
462 651 750 732 Metropolitanum,
774 653 834 716 nisi
846 652 910 732 jam
927 651 1007 717 forte
1026 653 1187 734 elegerint,
1204 653 1301 718 semel

138 742 270 822 eligant,
295 740 328 803 in
352 738 441 818 cuijus
465 737 589 820 Synodo
613 740 796 819 provinciali
820 758 889 804 cum
914 740 984 804 aliis
1000 741 1156 820 intersint,
1174 747 1205 806 et
1220 759 1301 822 quae

139 829 183 894 ibi
207 827 356 892 ordinata
378 825 495 891 fuerint
518 827 685 891 observent
707 846 744 892 ac
768 828 929 891 observari
951 825 1078 891 iaciant.

246 915 291 981 Ut
326 932 402 978 vero
431 931 511 994 quae
538 915 661 978 sancita
684 920 758 978 sunt
781 915 812 978 in
836 933 926 978 usum
949 913 1072 980 facilius
1095 916 1299 994 deducantur,

139 1008 173 1067 et
194 1001 279 1067 mala
295 1020 375 1082 quae
392 1002 515 1065 iuterim
532 1002 641 1066 innata
656 999 772 1066 fuerint
795 1002 1004 1080 innotescant,
1021 1004 1120 1068 veteri
1135 1002 1299 1067 Ecclesiae

138 1090 362 1156 consuetudini
385 1089 593 1165 inhaerentes,
617 1088 786 1153 Decretum
811 1086 941 1153 Concilii
964 1088 1187 1155 Lateranensis
1209 1090 1299 1173 IV.1)

142 1175 363 1242 confirmamus
398 1181 430 1239 et
459 1177 660 1251 innovamus,
694 1193 756 1255 quo
787 1176 918 1240 idoneae
953 1177 991 1241 de
1015 1176 1106 1242 Ciero
1137 1195 1298 1258 personae,

142 1266 316 1346 gravitate,
341 1263 527 1345 prudentia,
558 1264 696 1344 pietate,
733 1282 770 1328 ac
801 1263 867 1328 zelo
891 1265 1062 1328 secundum
1086 1265 1187 1328 Deum
1210 1283 1300 1345 prae-

140 1356 263 1417 stantes
286 1352 319 1416 in
344 1349 476 1430 singulis
501 1350 706 1415 Dioecesibus
729 1351 873 1431 deputari
895 1350 1053 1430 jubentur,
1078 1371 1157 1433 quae
1182 1352 1300 1433 simpli-

137 1440 220 1504 citer
243 1457 281 1503 ac
305 1439 344 1502 de
368 1438 462 1519 plano
487 1437 605 1518 absque
629 1438 691 1501 ulla
714 1438 931 1520 Jurisdictione
954 1439 1086 1504 sollicite
1109 1457 1146 1502 ac
1169 1440 1300 1503 circum-

139 1531 249 1608 specte
273 1525 444 1606 explorent,
469 1544 510 1588 an
533 1526 752 1607 praecedentis
777 1524 907 1590 Consilii
940 1526 1141 1606 provincialis
1164 1527 1300 1592 Decreta

140 1613 288 1695 religiose
323 1620 505 1692 serventur,
529 1631 566 1677 ac
590 1613 681 1676 simul
705 1614 894 1692 investigent
917 1631 998 1693 quae
1023 1614 1225 1693 correctione,
1249 1615 1300 1678 vel

138 1699 363 1766 reformatione
385 1701 536 1782 indigent,
561 1718 659 1779 eaque
682 1698 817 1764 fideliter
841 1700 1102 1780 MetropolitaniS,
1127 1706 1158 1764 et
1174 1699 1294 1766 Suffra-

136 1790 258 1870 ganeiS,
283 1787 415 1868 aliisque
438 1789 469 1851 in
493 1785 632 1852 Concilio
655 1788 858 1868 subsequenti
880 1785 1066 1869 significent,
1087 1795 1123 1852 ut
1139 1792 1234 1870 super
1250 1789 1298 1853 bis

140 1876 273 1959 provida
297 1875 525 1939 deliberatione
548 1875 740 1939 consulatur.

246 1965 379 2044 Insuper
409 1965 503 2045 juxta
538 1962 708 2027 Decretum
737 1962 869 2027 Patrum
900 1963 1182 2038 Tridentiuorum2)
1212 1982 1299 2027 man-

136 2049 251 2115 damus
274 2051 440 2132 Episcopis
457 2050 609 2127 omnibus,
635 2059 667 2114 et
691 2050 769 2128 aliis,
794 2053 846 2130 qui
867 2051 991 2132 dejure
1010 2049 1058 2114 vei
1075 2050 1299 2114 consuetudine

139 2138 173 2201 in
196 2136 321 2219 Synodo
344 2138 529 2219 provinciali
551 2137 703 2211 interesse
720 2137 845 2216 debent,
863 2144 957 2218 atque
974 2139 1064 2202 enixe
1080 2139 1298 2218 praecipimus,

138 2228 177 2288 ut
209 2227 241 2290 in
272 2225 343 2307 ipsa
369 2225 472 2306 prima
502 2224 627 2306 Synodo
655 2225 839 2305 provinciali
872 2231 944 2306 post
976 2226 1092 2289 exitum
1125 2225 1300 2306 praesentis

136 2312 332 2376 oecumenici
363 2310 494 2377 Concilii
529 2313 693 2390 habenda,
728 2313 832 2377 omnia
855 2319 887 2376 et
911 2313 1035 2393 singula
1059 2314 1090 2376 in
1115 2314 1224 2377 eodem
1249 2313 1301 2378 de·

136 2398 230 2464 finita
260 2417 297 2464 ac
324 2405 447 2463 statuta
477 2400 580 2480 palam
615 2401 791 2480 recipiant,
816 2418 936 2464 necnon
959 2419 1065 2464 veram
1089 2400 1300 2466 obedientiam
1323 2422 1325 2427 ·

138 2485 285 2551 Romano
319 2483 464 2551 Pontifici
499 2486 673 2568 spondeant
704 2493 738 2550 et
775 2485 995 2568 profiteantur,
1027 2505 1151 2566 unaque
1182 2487 1301 2569 pariter

136 2590 249 2638 omnes
272 2573 429 2652 haereses
454 2591 492 2637 ao
514 2576 702 2653 praesertim
725 2575 758 2639 in
780 2574 838 2638 boc
862 2576 1015 2639 Vaticano
1046 2573 1184 2639 Concilio
1215 2575 1300 2639 dam-

137 2666 240 2740 natas,
265 2658 391 2742 publice
414 2660 613 2725 detestentur
634 2667 667 2725 et
696 2662 970 2726 anathematizent.
1020 2663 1169 2742 Idemque
1191 2663 1223 2725 in
1246 2680 1301 2744 po·

138 2752 263 2813 storum
294 2749 470 2829 quicunque
494 2748 525 2812 in
549 2747 763 2828 Patriarcbas,
788 2748 951 2827 Primates,
976 2750 1244 2831 ArcbiepiscopoS,
1267 2755 1300 2813 et

137 2834 315 2917 Episcopus
340 2835 552 2917 promovendi,
576 2837 608 2900 in
630 2837 733 2917 prima
756 2835 879 2918 Synodo
902 2837 1092 2918 provinciali,
1116 2839 1147 2901 in
1163 2854 1226 2917 qua
1240 2838 1301 2918 ipsi

135 2922 347 3000 interfuerint,
372 2923 497 2986 omnino
521 2922 696 2989 observent.

245 3010 417 3091 Postquam
455 3015 561 3074 autem
599 3012 802 3091 provincialia
837 3009 976 3076 Concilia
1011 3011 1139 3075 dimissa
1171 3009 1299 3090 fuerint,

138 3097 375 3179 Metropolitani
399 3098 504 3161 omnia
525 3115 635 3162 eorum
652 3105 724 3163 acta
738 3105 771 3163 et
786 3100 915 3163 decreta
929 3096 962 3163 S.
979 3096 1053 3162 Sedi
1069 3099 1299 3180 transmittant,

136 3203 241 3266 neque
265 3185 376 3250 eadem
399 3190 472 3249 ante
496 3185 666 3267 publicent,
690 3205 784 3267 quarn
808 3187 846 3250 de
870 3203 957 3250 more
982 3204 1119 3266 expensa
1136 3204 1173 3250 ac
1189 3182 1299 3267 recog-

136 3274 206 3337 nita
229 3272 415 3354 receperint.

621 3533 757 3600 CAPUT
782 3535 833 3601 VI.

495 3677 547 3741 De
568 3674 708 3757 Scaudio
731 3675 947 3740 Dioecesoaia

243 3815 354 3880 Veteri
396 3816 516 3896 pariter
548 3833 712 3880 sacrorum
743 3812 907 3880 Canonum
938 3816 1100 3878 sanctione
1139 3813 1299 3892 sapienter

136 3904 299 3986 provisum
333 3909 399 3981 est,
434 3909 468 3967 ut
491 3902 642 3985 Episcopi
669 3903 702 3965 in
734 3917 791 3966 suo
816 3904 946 3982 quisque
970 3902 1115 3966 Dioecesi
1138 3900 1300 3981 synodum

135 3989 322 4073 indicant.³)
367 3990 416 4055 Ibi
439 3991 522 4054 enim
546 3993 671 4070 oportet
687 3987 817 4054 Concilii
840 3989 1039 4070 provincialis
1064 3993 1185 4053 statuta
1198 3984 1301 4067 publi-

249 4202 267 4267 1)
287 4198 352 4265 Cap.
372 4198 447 4252 Sicut
465 4198 526 4252 olim
548 4200 590 4250 25.
611 4195 651 4250 De
672 4199 799 4253 Accusat.

292 4268 363 4321 Sess.
382 4271 425 4321 25.
446 4267 511 4333 Cap.
530 4270 555 4320 2.
575 4267 608 4320 de
628 4267 688 4321 Rei.

248 4271 258 4302 2

247 4273 271 4404 δὲ
291 4336 370 4391 Cone.
390 4338 518 4391 Antiocb.
538 4338 602 4390 anni
621 4340 679 4390 341.
700 4354 758 4404 cap.
779 4341 819 4390 20.
841 4337 921 4393 Cone.
942 4337 1068 4390 Lateran.
1088 4336 1133 4389 IV.
1153 4351 1210 4402 cap.
1230 4337 1254 4386 6.
