2946 4942
157 332 197 394 36
432 346 549 394 sonans
573 328 813 394 cousrrnunours
836 347 1028 395 nocunncrn

713 521 752 587 11.

455 660 505 724 De
528 660 664 743 leminis
686 666 807 724 nature
830 667 859 726 et
882 663 1015 742 origine.

264 823 289 880 l.
326 815 359 882 Si
383 818 451 898 quis
475 819 650 898 negaverit,
683 820 819 882 animam
842 819 976 882 hominis
1004 837 1023 883 a
1046 837 1176 900 corpore
1199 824 1317 886 rauna

155 905 320 983 diversam,
345 904 539 985 spiritualem
564 911 596 969 et
619 906 827 971 immortalem
851 924 935 983 esse;
958 906 1126 973 anathema
1149 908 1200 973 sit.

262 996 292 1058 2.
327 991 451 1072 Siquis
475 998 603 1074 praeter
618 994 751 1058 animaru
775 993 962 1059 rationalem
985 994 1079 1058 aliam
1103 996 1142 1061 ab
1159 995 1220 1059 hac
1241 1012 1315 1060 rea-

153 1080 228 1145 liter
249 1079 428 1144 distinctam
451 1081 484 1144 in
505 1079 631 1144 homine
653 1099 722 1146 esse
745 1080 965 1159 affinnaveritt
988 1081 1155 1146 anathema
1177 1084 1229 1146 sit.
1244 1083 1269 1164 ¹)

262 1175 291 1232 3.
326 1165 358 1231 Si
389 1168 459 1247 quis
492 1169 670 1249 negaverit,
703 1176 849 1233 naturam
879 1169 1049 1233 humanam
1077 1189 1094 1234 e
1127 1188 1257 1251 corpore
1281 1173 1314 1236 et

154 1254 268 1336 spiritu
291 1255 493 1336 compositam
516 1274 590 1321 vere
613 1265 645 1320 et
667 1256 796 1321 realiter
818 1274 913 1321 unam
936 1275 1023 1334 esse;
1047 1258 1215 1322 anathema
1227 1257 1288 1324 ’sit

260 1347 289 1408 4.
322 1341 355 1407 Si
370 1344 439 1422 quis
455 1344 633 1409 universum
651 1362 750 1426 genus
766 1344 936 1408 humanum
952 1347 992 1409 ab
1007 1363 1071 1408 uno
1085 1350 1314 1426 protoparente

154 1431 256 1495 Adam
278 1436 382 1494 ortum
406 1447 475 1495 esse
498 1433 677 1513 negaverit:
701 1431 869 1496 anathema
890 1432 942 1496 sit.

681 1711 682 1714 Ν
706 1623 763 1690 111.

348 1822 351 1827 .
441 1763 492 1828 De
514 1763 649 1828 dominis
672 1764 841 1829 elevatione
865 1772 894 1828 et
916 1764 1019 1844 lapse.

264 1927 291 1984 l.
327 1920 369 1986 Si
387 1922 456 2002 quis
489 1941 552 1986 non
587 1920 783 2000 confiteatur,
819 1922 988 2007 humanum
1020 1941 1118 2002 genus
1147 1923 1179 1986 in
1210 1923 1314 2005 primo

155 2012 285 2091 parente
309 2009 348 2073 ad
365 2013 481 2073 statum
504 2009 774 2089 supernaturalem
791 2008 948 2073 elevatum
971 2027 1053 2085 esse;
1077 2009 1246 2075 anathema
1262 2011 1314 2076 sit.

261 2101 290 2160 2.
327 2095 359 2160 si
392 2097 461 2177 quis
490 2097 616 2177 dixerit,
645 2103 776 2161 eatenus
799 2101 923 2161 tantum
947 2097 1089 2161 ordinem
1120 2103 1312 2177 supernatu-

156 2183 252 2250 ralem
284 2184 513 2249 admittendum
546 2202 626 2262 esse,
662 2190 816 2264 quatenus
847 2184 1087 2265 supernaturale
1116 2185 1174 2249 dici
1203 2186 1314 2267 possit,

155 2271 306 2355 quidquid
330 2273 370 2336 ad
394 2271 589 2336 essentialem
612 2271 747 2336 hominis
769 2270 996 2353 perfectionem
1018 2291 1080 2336 non
1103 2273 1257 2353 pertinet,
1280 2279 1315 2340 et

155 2379 218 2426 non
241 2357 438 2440 confiteatur,
470 2378 538 2425 esse
562 2359 644 2423 dona
666 2364 699 2423 et
721 2360 866 2425 instituta
889 2360 1007 2440 divina,
1035 2378 1114 2441 quae
1137 2369 1206 2424 tum
1229 2361 1313 2426 vires

153 2454 221 2515 tum
244 2449 429 2530 exigentiam
460 2452 594 2512 naturae
617 2451 745 2513 creatae
768 2454 927 2528 superent,
959 2465 1089 2528 eamque
1114 2447 1198 2511 ultra
1220 2465 1312 2512 suurn

154 2537 296 2601 ordinem
318 2533 497 2616 perficiant3
521 2534 688 2598 anathema
710 2535 761 2599 sit'

259 2629 289 2688 3.
325 2621 358 2687 Si
380 2624 449 2703 quis
474 2622 595 2701 dixerit,
619 2623 821 2687 sanctitatem
845 2629 878 2687 et
889 2624 1054 2706 Justitiam,
1079 2623 1111 2686 in
1134 2639 1197 2704 qua
1214 2623 1311 2688 horno

153 2716 228 2776 ante
249 2709 371 2791 lapsum
404 2712 592 2775 constitutus
616 2714 698 2789 erat,
729 2729 790 2774 non
812 2708 908 2774 fuisse
937 2710 1222 2791 supernaturalem,
1255 2711 1312 2776 sed

152 2798 306 2880 ejusmodi
329 2799 368 2862 ad
391 2816 484 2878 quarn
507 2802 592 2872 recte
615 2797 748 2861 vivendo
775 2816 831 2878 per
853 2799 966 2864 insitas
988 2802 1119 2863 naturae
1142 2796 1311 2862 facultates

154 2887 331 2969 pertingere
353 2886 525 2965 potuisset;
549 2884 718 2949 anathema
741 2887 790 2950 sit.

258 2979 287 3038 4.
321 2971 353 3037 Si
377 2973 446 3054 quis
462 2972 636 3054 negaverit,
658 2978 824 3055 peccatum
840 2973 992 3055 originale
1015 2973 1047 3037 in
1063 2973 1150 3037 Adae
1174 2973 1310 3055 posteris

152 3080 226 3127 vere
249 3066 282 3126 et
302 3061 429 3142 proprie
459 3064 620 3141 peccatum
643 3078 726 3141 esse,
761 3061 823 3125 nisi
845 3061 884 3126 ab
907 3061 984 3141 ipsis
1017 3061 1133 3126 actuali
1150 3079 1312 3146 pensensu

152 3149 311 3232 peccando
336 3148 572 3230 comprobetur;
595 3148 763 3213 anathema
786 3150 836 3212 sit.

182 3272 185 3280 ·
260 3242 288 3300 5.
323 3235 356 3301 si
390 3237 460 3316 quis
490 3235 617 3315 dixerit,
652 3242 814 3317 peccatum
848 3235 1000 3318 nulginale
1034 3233 1211 3300 formaliter
1241 3252 1311 3300 esse

153 3327 252 3407 ipsam
276 3323 561 3403 concupiscentiam
585 3329 640 3387 aut
654 3320 815 3405 physicum
839 3341 895 3387 seu
918 3322 1160 3389 substantialem
1176 3327 1311 3389 naturae

152 3413 308 3478 humanae
331 3411 488 3498 morbum,
519 3417 551 3475 et
581 3411 755 3492 negaverit,
788 3411 995 3491 privationem
1025 3410 1148 3493 gratiae
1171 3410 1310 3475 sanctifi-

153 3501 254 3567 cantis
278 3501 317 3564 de
341 3501 409 3582 ejus
431 3499 555 3563 ratione
578 3516 662 3578 esse;
685 3497 854 3563 anathema
876 3499 927 3563 sit.

699 3690 751 3755 lV.

467 3830 518 3895 De
541 3831 689 3912 mysterio
712 3830 798 3893 uerbi
822 3829 991 3894 incarnati.

259 3998 285 4056 1.
320 3990 353 4056 Si
376 3991 444 4070 quis
472 4007 534 4054 non
562 3985 758 4068 confiteatur,
783 3980 887 4054 'unum
916 3990 1111 4070 eundemque
1139 3988 1309 4054 Dominum

150 4080 300 4147 Nostrum
322 4078 431 4145 Jesum
454 4075 614 4141 Christum
637 4077 720 4142 sicut
740 4095 850 4142 verum
873 4077 1041 4157 hominem,
1074 4077 1120 4143 ita
1143 4081 1175 4142 et
1197 4094 1309 4143 verum

152 4169 253 4233 Deum
276 4184 360 4248 esse;
383 4165 553 4232 anathema
576 4164 625 4231 sit.
637 4165 664 4248 ²)

261 4360 281 4430 ι)
299 4358 340 4413 cr.
360 4359 422 4428 ayn.
443 4359 515 4413 viu.
535 4371 593 4412 ean.
614 4357 654 4414 rr.
728 4359 751 4421 η
772 4355 835 4426 syn.
855 4357 903 4411 ru.
922 4371 980 4411 ean.
1003 4322 1142 4410 r-n-a'
