2954 4936
208 305 250 365 62
701 313 869 363 cosromrr

209 476 266 540 per
288 475 323 521 se
346 456 407 538 ipsi
430 473 542 521 cavere
564 457 721 536 poterant,
746 454 950 532 damnarent;
966 449 1101 519 ‘errores
1123 469 1198 517 vero
1221 452 1292 518 illos
1315 451 1372 534 qui

71 580 75 585 ·
203 545 252 610 ad
274 544 352 610 haec
368 547 508 609 monstra
529 542 612 606 viam
635 546 783 606 sternunt
797 542 934 606 intactos
958 539 1133 621 reliquisse.
1168 539 1373 622 Quapropter

202 633 395 714 proponitur
418 629 596 694 damnanda
620 647 640 693 a
663 627 803 693 Concilio
826 627 980 692 VatIcauo
1003 645 1139 707 sequens
1161 627 1347 709 propositio:

316 717 604 871 direccfflatumlis
639 720 688 781 est
721 715 838 780 homini
872 714 1009 796 cognitio
1033 715 1093 780 Dei
1126 714 1311 780 immediata
1338 718 1373 779 eg

780 1031 804 1094 1.

317 1153 401 1219 Satis
417 1158 465 1218 est
480 1153 573 1234 hujus
593 1151 816 1234 propositionis
832 1152 984 1216 terminos
998 1150 1185 1232 intelligere,
1210 1151 1374 1216 utstatim

211 1243 398 1322 innotescat,
433 1260 502 1306 eam
534 1240 651 1322 opponi
681 1239 806 1304 veritati
836 1238 883 1302 illi
915 1238 1088 1304 catholicae
1119 1257 1181 1320 qua
1204 1238 1373 1320 credimus,

211 1330 363 1395 visionem
394 1328 454 1394 Dei
484 1328 662 1393 intuitivam
695 1345 758 1409 qua
787 1326 871 1392 beati
905 1324 1123 1407 perfruuntur,
1159 1342 1228 1392 esse
1262 1343 1374 1408 super-

210 1416 401 1483 naturalem.
446 1415 531 1493 Quid
563 1415 648 1479 enim
682 1415 742 1479 sibi
774 1413 842 1478 vult
873 1413 1007 1495 cognitio
1030 1413 1213 1479 immediata
1236 1412 1375 1498 altoujus

209 1503 282 1569 rei?
328 1503 472 1585 Cognitio
501 1502 683 1568 immedIata
706 1501 911 1583 distinguitur
934 1520 953 1565 a
976 1502 1154 1583 cognitione
1178 1500 1318 1568 mediata
1340 1503 1374 1568 in

214 1610 251 1657 eo
275 1592 358 1673 quod
382 1591 519 1673 cognitio
541 1589 724 1655 immediata
746 1607 785 1655 ea
808 1594 869 1666 est,
900 1605 964 1668 qua
987 1605 1039 1653 res
1061 1589 1260 1668 cognoscitur
1282 1590 1373 1654 inse

212 1679 298 1761 ipsa3
331 1679 469 1743 mediata
497 1696 572 1743 vero
600 1695 638 1742 ea
666 1684 715 1741 est
746 1694 920 1758 perquam
948 1694 999 1740 res
1023 1676 1221 1756 cognoscitur
1244 1677 1278 1740 in
1300 1676 1373 1743 alio.

213 1765 273 1830 Ex.
296 1785 343 1848 gr.
375 1765 510 1846 cognitio
539 1783 601 1845 qua
633 1764 792 1845 objectum
820 1763 897 1828 mihi
930 1781 1079 1843 praesens
1113 1764 1204 1829 video
1227 1769 1277 1829 est
1310 1765 1369 1830 im·

206 1853 368 1932 ‘mediata3
404 1852 540 1933 cognitio
574 1871 637 1934 qua
668 1852 746 1916 illud
779 1851 937 1933 objectum
970 1851 1062 1916 video
1097 1851 1130 1914 in
1163 1851 1291 1933 speculo
1325 1858 1374 1917 est

213 1941 362 2007 mediata.
408 1939 490 2004 Nam
512 1940 545 2003 in
567 1940 667 2020 primo
699 1957 775 2005 casu
798 1938 957 2020 objectum
979 1939 1012 2002 in
1034 1956 1069 2003 sc
1092 1939 1160 2004 sine
1183 1939 1248 2004 ullo
1270 1939 1373 2006 medio

213 2028 320 2106 vide03
357 2031 389 2093 iu
423 2028 561 2092 secundo
595 2027 686 2092 video
719 2027 900 2091 immediate
933 2026 1103 2107 imaginem
1137 2027 1219 2108 ejus,
1255 2031 1289 2092 et
1314 2027 1375 2093 hac

214 2116 375 2180 mediante
402 2117 493 2181 venio
521 2114 788 2194 incognitionem
819 2113 932 2196 objecti
961 2114 1045 2194 quod
1067 2113 1121 2177 illa
1143 2119 1373 2196 repraesentat.
1400 2120 1402 2124 ’

211 2203 267 2280 (V.
291 2202 322 2269 S.
346 2203 402 2267 Th.
429 2208 456 2269 l.
481 2222 511 2283 p.
536 2220 565 2283 q.
589 2201 659 2267 XII.
681 2221 710 2266 a.
736 2208 764 2268 9.
789 2208 822 2266 et
844 2220 873 2283 q.
893 2201 974 2266 LIV.
997 2220 1026 2268 a.
1052 2206 1081 2268 3.
1106 2207 1139 2266 et
1160 2202 1192 2265 In
1215 2202 1309 2284 epist.
1334 2203 1375 2268 ad

208 2288 356 2357 Corinth.
382 2309 409 2355 c.
431 2289 517 2355 XIlI.
541 2288 613 2355 lect.
636 2288 719 2370 XV.)

775 2515 813 2580 11.

323 2639 645 2704 Animadvertendum
660 2643 835 2719 praetcrea,
859 2639 1074 2703 immediatam
1089 2638 1148 2704 Dei
1165 2640 1379 2722 cognitionem

210 2745 286 2793 esse
308 2727 392 2792 idem
421 2746 460 2792 ac
481 2725 693 2791 immediatam
717 2725 776 2790 Dei
798 2726 964 2807 visionem,
988 2733 1024 2789 ut
1045 2732 1135 2793 notat
1157 2727 1187 2792 S.
1211 2727 1268 2793 Th.
1291 2735 1377 2795 cont.

216 2821 302 2896 gent.
317 2816 405 2880 Lect.
430 2819 459 2879 3.
483 2832 509 2880 c.
535 2818 587 2879 53.
633 2813 676 2877 Et
698 2831 775 2879 sane
790 2815 893 2878 Deum
915 2813 1097 2880 immediate
1112 2833 1303 2898 cognoscere
1327 2822 1380 2885 est

216 2919 407 2984 cognoscere
430 2903 533 2967 Deum
563 2919 626 2967 nou
659 2919 717 2981 per
747 2900 842 2965 ulam
870 2902 973 2966 ideam
1003 2920 1059 2967 seu
1093 2903 1329 2969 similitudinem
1355 2922 1380 2971 a

212 2991 372 3055 creaturis
396 2989 580 3067 derivatam,
604 2994 661 3053 aut
683 3008 701 3053 a
724 2990 793 3053 Deo
815 2989 884 3070 ipso
907 2990 938 3052 in
962 2991 1068 3055 anima
1090 2991 1292 3072 impressam,
1320 2992 1381 3058 sed

216 3083 266 3142 est
301 3095 490 3160 cognoscere
525 3076 627 3142 Deum
661 3076 693 3140 in
727 3094 761 3141 se
795 3077 878 3157 ipso,
914 3094 970 3140 seu
1003 3096 1060 3158 per
1094 3078 1162 3158 ejus
1197 3080 1380 3146 essentiam.

212 3164 262 3247 (S.
286 3165 343 3231 Th.
367 3165 454 3231 Lect.
483 3170 513 3229 4.
538 3170 617 3231 sent.
648 3163 721 3228 dist.
745 3169 798 3230 49.
823 3183 853 3245 q.
878 3169 907 3228 2.
932 3182 960 3228 a.
988 3165 1040 3246 1.).
1087 3165 1156 3231 Hoc
1177 3171 1285 3233 autem
1308 3165 1382 3234 fieri

216 3253 327 3333 nequit
349 3253 411 3317 nisi
426 3253 495 3334 ipse
511 3252 596 3317 Deus
621 3269 691 3316 sese
705 3258 907 3332 praesentem
924 3253 1021 3316 menti
1036 3253 1205 3318 videndum
1221 3255 1380 3337 exhibeat,

216 3341 263 3404 Ita
295 3345 332 3403 ut
364 3358 452 3404 mens
487 3358 558 3403 cum
593 3340 698 3404 videat
731 3357 793 3404 non
820 3358 877 3421 per
907 3339 1046 3421 aliquam
1074 3342 1211 3421 speciem
1240 3342 1298 3408 sed
1320 3362 1383 3425 per

216 3428 319 3509 ipsam
353 3429 421 3510 ejus
454 3427 640 3506 essentiam,
673 3426 755 3490 idest
776 3427 956 3493 iinmcdiate
980 3434 1013 3492 et
1036 3428 1164 3494 directe.
1210 3430 1297 3512 Ergo
1320 3431 1382 3497 im·

216 3515 356 3579 mediata
385 3519 418 3581 et
441 3514 564 3578 directa
587 3513 647 3578 Dei
674 3514 810 3595 cognitIo
834 3520 884 3580 est
907 3516 1088 3581 immediata
1109 3522 1143 3581 et
1165 3517 1287 3583 directa
1310 3519 1382 3601 ejus

217 3602 304 3667 visio.
349 3602 481 3683 Insuper
503 3601 651 3683 Ontologi
673 3601 706 3665 id
728 3607 838 3682 aperte
860 3600 1050 3683 profitentur
1072 3608 1105 3668 et
1128 3605 1251 3684 docent,
1275 3605 1383 3673 Deum

217 3689 375 3754 humanae
408 3690 507 3754 menti
540 3689 677 3770 seipsum
712 3689 891 3754 immediate
924 3690 1094 3755 videndum
1133 3691 1299 3774 praebere,
1339 3713 1383 3761 ea

216 3777 341 3842 ratione
374 3795 437 3856 qua
463 3776 518 3841 lux
547 3777 645 3842 ocuhs
680 3777 796 3841 nostris
824 3775 976 3857 affulgens
1004 3779 1130 3861 objecta
1151 3781 1227 3860 ipsis
1252 3781 1386 3849 exhibet

216 3871 251 3930 et
273 3864 409 3930 visibilia
431 3862 537 3930 efficit.

770 4091 826 4155 III.

322 4211 391 4278 Hoc
423 4213 546 4296 posito,
581 4219 775 4296 quantopere
809 4214 889 4281 haec
911 4215 972 4280 Dei
1004 4216 1082 4282 visio
1105 4217 1281 4283 catholicae
1305 4216 1386 4291 fidei

212 4304 409 4383 opponatur,
442 4301 614 4367 videamus.
664 4300 851 4368 scholastici
880 4301 1013 4373 Sanctos
1036 4304 1149 4372 Patres
1179 4305 1282 4372 secuti
1314 4324 1384 4375 non
