<?xml version="1.0" encoding="UTF-8"?>
<!DOCTYPE html PUBLIC "-//W3C//DTD XHTML 1.0 Transitional//EN"
    "http://www.w3.org/TR/xhtml1/DTD/xhtml1-transitional.dtd">
<html xmlns="http://www.w3.org/1999/xhtml" xml:lang="en" lang="en">
 <head>
  <title>
</title>
<meta http-equiv="Content-Type" content="text/html;charset=utf-8" />
  <meta name='ocr-system' content='tesseract 3.04.00' />
  <meta name='ocr-capabilities' content='ocr_page ocr_carea ocr_par ocr_line ocrx_word'/>
</head>
<body>
  <div class='ocr_page' id='page_1' title='image "./omniumconciliiv01martgoog_0048.png"; bbox 0 0 2946 4942; ppageno 0'>
   <div class='ocr_carea' id='block_1_1' title="bbox 549 98 1384 185">
    <p class='ocr_par' dir='ltr' id='par_1_1' title="bbox 549 98 1384 185">
     <span class='ocr_line' id='line_1_1' title="bbox 549 98 1384 185; baseline 0.004 -19"><span class='ocrx_word' id='word_1_1' title='bbox 549 105 588 166; x_wconf 81' lang='lat' dir='ltr'>ns</span> <span class='ocrx_word' id='word_1_2' title='bbox 611 110 754 168; x_wconf 80' lang='lat' dir='ltr'>raanan</span> <span class='ocrx_word' id='word_1_3' title='bbox 777 107 904 169; x_wconf 71' lang='lat' dir='ltr'>canusia</span> <span class='ocrx_word' id='word_1_4' title='bbox 1267 98 1308 169; x_wconf 75' lang='lat' dir='ltr'>ts</span> <span class='ocrx_word' id='word_1_5' title='bbox 1382 180 1384 185; x_wconf 49' lang='grc'>,</span> 
     </span>
    </p>
   </div>
   <div class='ocr_carea' id='block_1_2' title="bbox 148 248 1320 1039">
    <p class='ocr_par' dir='ltr' id='par_1_2' title="bbox 148 248 1320 1039">
     <span class='ocr_line' id='line_1_2' title="bbox 149 248 1310 343; baseline 0.001 -19"><span class='ocrx_word' id='word_1_6' title='bbox 149 248 335 341; x_wconf 78' lang='lat' dir='ltr'>Pariterqne</span> <span class='ocrx_word' id='word_1_7' title='bbox 351 255 556 342; x_wconf 86' lang='lat' dir='ltr'>reprobamus</span> <span class='ocrx_word' id='word_1_8' title='bbox 572 259 763 341; x_wconf 85' lang='lat' dir='ltr'>impietatem</span> <span class='ocrx_word' id='word_1_9' title='bbox 785 250 919 340; x_wconf 79' lang='lat' dir='ltr'>illorum,</span> <span class='ocrx_word' id='word_1_10' title='bbox 944 260 998 343; x_wconf 85' lang='lat' dir='ltr'>qni</span> <span class='ocrx_word' id='word_1_11' title='bbox 1014 259 1163 327; x_wconf 86' lang='lat' dir='ltr'>claudunt</span> <span class='ocrx_word' id='word_1_12' title='bbox 1177 269 1310 343; x_wconf 79' lang='lat' dir='ltr'>&#39;regnum</span> 
     </span>
     <span class='ocr_line' id='line_1_3' title="bbox 150 344 1311 429; baseline 0.001 -15"><span class='ocrx_word' id='word_1_13' title='bbox 150 344 308 414; x_wconf 82' lang='lat' dir='ltr'>obelorum</span> <span class='ocrx_word' id='word_1_14' title='bbox 319 350 394 412; x_wconf 87' lang='lat' dir='ltr'>ante</span> <span class='ocrx_word' id='word_1_15' title='bbox 409 345 561 425; x_wconf 90' lang='lat' dir='ltr'>homines,</span> <span class='ocrx_word' id='word_1_16' title='bbox 577 344 664 411; x_wconf 80' lang='lat' dir='ltr'>falsis</span> <span class='ocrx_word' id='word_1_17' title='bbox 679 347 895 429; x_wconf 65' lang='lat' dir='ltr'>praetextibus</span> <span class='ocrx_word' id='word_1_18' title='bbox 911 345 1114 428; x_wconf 82' lang='lat' dir='ltr'>affirmantes,</span> <span class='ocrx_word' id='word_1_19' title='bbox 1127 349 1311 415; x_wconf 90' lang='lat' dir='ltr'>indecorum</span> 
     </span>
     <span class='ocr_line' id='line_1_4' title="bbox 149 433 1312 518; baseline -0.003 -19"><span class='ocrx_word' id='word_1_20' title='bbox 149 433 262 501; x_wconf 79' lang='lat' dir='ltr'>ailad</span> <span class='ocrx_word' id='word_1_21' title='bbox 285 433 421 499; x_wconf 87' lang='lat' dir='ltr'>salutem</span> <span class='ocrx_word' id='word_1_22' title='bbox 443 433 570 498; x_wconf 90' lang='lat' dir='ltr'>minime</span> <span class='ocrx_word' id='word_1_23' title='bbox 594 435 806 499; x_wconf 86' lang='lat' dir='ltr'>necessarium</span> <span class='ocrx_word' id='word_1_24' title='bbox 829 452 913 512; x_wconf 87' lang='lat' dir='ltr'>esse,</span> <span class='ocrx_word' id='word_1_25' title='bbox 944 433 1089 501; x_wconf 90' lang='lat' dir='ltr'>deserere</span> <span class='ocrx_word' id='word_1_26' title='bbox 1112 434 1312 518; x_wconf 85' lang='lat' dir='ltr'>religionem,</span> 
     </span>
     <span class='ocr_line' id='line_1_5' title="bbox 149 514 1317 603; baseline 0 -16"><span class='ocrx_word' id='word_1_27' title='bbox 149 521 210 588; x_wconf 85' lang='lat' dir='ltr'>etsi</span> <span class='ocrx_word' id='word_1_28' title='bbox 233 514 356 600; x_wconf 84' lang='lat' dir='ltr'>falsam,</span> <span class='ocrx_word' id='word_1_29' title='bbox 389 521 422 585; x_wconf 93' lang='lat' dir='ltr'>in</span> <span class='ocrx_word' id='word_1_30' title='bbox 445 522 601 603; x_wconf 85' lang='lat' dir='ltr'>qusquis</span> <span class='ocrx_word' id='word_1_31' title='bbox 628 527 721 588; x_wconf 87' lang='lat' dir='ltr'>natus</span> <span class='ocrx_word' id='word_1_32' title='bbox 745 522 795 586; x_wconf 85' lang='lat' dir='ltr'>vel</span> <span class='ocrx_word' id='word_1_33' title='bbox 825 521 975 587; x_wconf 80' lang='lat' dir='ltr'><strong>educatus</strong></span> <span class='ocrx_word' id='word_1_34' title='bbox 999 541 1035 587; x_wconf 90' lang='lat' dir='ltr'>ac</span> <span class='ocrx_word' id='word_1_35' title='bbox 1057 524 1222 588; x_wconf 89' lang='lat' dir='ltr'>institutus</span> <span class='ocrx_word' id='word_1_36' title='bbox 1245 530 1317 601; x_wconf 61' lang='lat' dir='ltr'>est3‘</span> 
     </span>
     <span class='ocr_line' id='line_1_6' title="bbox 149 606 1310 690; baseline 0.001 -16"><span class='ocrx_word' id='word_1_37' title='bbox 149 627 207 676; x_wconf 90' lang='lat' dir='ltr'>neo</span> <span class='ocrx_word' id='word_1_38' title='bbox 230 616 295 673; x_wconf 92' lang='lat' dir='ltr'>hon</span> <span class='ocrx_word' id='word_1_39' title='bbox 311 606 486 674; x_wconf 85' lang='lat' dir='ltr'>Ecclesiam</span> <span class='ocrx_word' id='word_1_40' title='bbox 509 609 619 690; x_wconf 87' lang='lat' dir='ltr'><strong>ipsam,</strong></span> <span class='ocrx_word' id='word_1_41' title='bbox 643 627 725 690; x_wconf 89' lang='lat' dir='ltr'>quae</span> <span class='ocrx_word' id='word_1_42' title='bbox 747 627 781 673; x_wconf 90' lang='lat' dir='ltr'>se</span> <span class='ocrx_word' id='word_1_43' title='bbox 796 608 979 689; x_wconf 79' lang='lat' dir='ltr'>religionem</span> <span class='ocrx_word' id='word_1_44' title='bbox 1003 627 1071 675; x_wconf 89' lang='lat' dir='ltr'>esse</span> <span class='ocrx_word' id='word_1_45' title='bbox 1093 612 1184 676; x_wconf 91' lang='lat' dir='ltr'>unice</span> <span class='ocrx_word' id='word_1_46' title='bbox 1201 629 1310 677; x_wconf 87' lang='lat' dir='ltr'>veram</span> 
     </span>
     <span class='ocr_line' id='line_1_7' title="bbox 148 693 1320 781; baseline 0.002 -20"><span class='ocrx_word' id='word_1_47' title='bbox 148 693 326 781; x_wconf 73' lang='lat' dir='ltr'>piolitetun</span> <span class='ocrx_word' id='word_1_48' title='bbox 349 713 456 762; x_wconf 91' lang='lat' dir='ltr'>omnes</span> <span class='ocrx_word' id='word_1_49' title='bbox 480 702 585 761; x_wconf 90' lang='lat' dir='ltr'>autem</span> <span class='ocrx_word' id='word_1_50' title='bbox 607 696 775 777; x_wconf 83' lang='lat' dir='ltr'>religiones</span> <span class='ocrx_word' id='word_1_51' title='bbox 798 702 832 760; x_wconf 93' lang='lat' dir='ltr'>et</span> <span class='ocrx_word' id='word_1_52' title='bbox 855 701 956 762; x_wconf 90' lang='lat' dir='ltr'>sectas</span> <span class='ocrx_word' id='word_1_53' title='bbox 979 716 998 762; x_wconf 90' lang='lat' dir='ltr'>a</span> <span class='ocrx_word' id='word_1_54' title='bbox 1020 715 1077 761; x_wconf 88' lang='lat' dir='ltr'>sua</span> <span class='ocrx_word' id='word_1_55' title='bbox 1093 698 1320 764; x_wconf 89' lang='lat' dir='ltr'>communione·</span> 
     </span>
     <span class='ocr_line' id='line_1_8' title="bbox 149 784 1311 867; baseline 0 -17"><span class='ocrx_word' id='word_1_56' title='bbox 149 788 316 867; x_wconf 80' lang='lat' dir='ltr'>separatas</span> <span class='ocrx_word' id='word_1_57' title='bbox 338 784 504 866; x_wconf 82' lang='lat' dir='ltr'>proscribit</span> <span class='ocrx_word' id='word_1_58' title='bbox 528 789 561 848; x_wconf 90' lang='lat' dir='ltr'>et</span> <span class='ocrx_word' id='word_1_59' title='bbox 584 784 722 864; x_wconf 89' lang='lat' dir='ltr'>damnat,</span> <span class='ocrx_word' id='word_1_60' title='bbox 746 784 958 864; x_wconf 85' lang='lat' dir='ltr'>criminantur,</span> <span class='ocrx_word' id='word_1_61' title='bbox 982 785 1112 866; x_wconf 89' lang='lat' dir='ltr'>perinde</span> <span class='ocrx_word' id='word_1_62' title='bbox 1135 803 1172 850; x_wconf 89' lang='lat' dir='ltr'>ao</span> <span class='ocrx_word' id='word_1_63' title='bbox 1195 786 1223 849; x_wconf 91' lang='lat' dir='ltr'>si</span> <span class='ocrx_word' id='word_1_64' title='bbox 1246 784 1311 850; x_wconf 88' lang='lat' dir='ltr'>ulla</span> 
     </span>
     <span class='ocr_line' id='line_1_9' title="bbox 148 871 1310 973; baseline -0.001 -36"><span class='ocrx_word' id='word_1_65' title='bbox 148 875 287 973; x_wconf 84' lang='lat' dir='ltr'>unquam</span> <span class='ocrx_word' id='word_1_66' title='bbox 310 889 379 937; x_wconf 90' lang='lat' dir='ltr'>esse</span> <span class='ocrx_word' id='word_1_67' title='bbox 403 876 510 952; x_wconf 86' lang='lat' dir='ltr'>posset</span> <span class='ocrx_word' id='word_1_68' title='bbox 539 871 738 953; x_wconf 88' lang='lat' dir='ltr'>participatio</span> <span class='ocrx_word' id='word_1_69' title='bbox 765 871 910 954; x_wconf 88' lang='lat' dir='ltr'>justitiae</span> <span class='ocrx_word' id='word_1_70' title='bbox 940 891 1012 938; x_wconf 87' lang='lat' dir='ltr'>curn</span> <span class='ocrx_word' id='word_1_71' title='bbox 1041 873 1222 954; x_wconf 82' lang='lat' dir='ltr'>iniquitate,</span> <span class='ocrx_word' id='word_1_72' title='bbox 1255 878 1310 936; x_wconf 88' lang='lat' dir='ltr'>aut</span> 
     </span>
     <span class='ocr_line' id='line_1_10' title="bbox 150 958 1209 1039; baseline 0.001 -14"><span class='ocrx_word' id='word_1_73' title='bbox 150 960 287 1026; x_wconf 78' lang='lat' dir='ltr'>socratas</span> <span class='ocrx_word' id='word_1_74' title='bbox 308 958 389 1024; x_wconf 90' lang='lat' dir='ltr'>lucis</span> <span class='ocrx_word' id='word_1_75' title='bbox 412 958 452 1023; x_wconf 90' lang='lat' dir='ltr'>ad</span> <span class='ocrx_word' id='word_1_76' title='bbox 475 959 632 1039; x_wconf 89' lang='lat' dir='ltr'>tenebras,</span> <span class='ocrx_word' id='word_1_77' title='bbox 656 964 688 1023; x_wconf 85' lang='lat' dir='ltr'>et</span> <span class='ocrx_word' id='word_1_78' title='bbox 711 959 873 1024; x_wconf 85' lang='lat' dir='ltr'>conventio</span> <span class='ocrx_word' id='word_1_79' title='bbox 897 958 1012 1025; x_wconf 84' lang='lat' dir='ltr'>Christi</span> <span class='ocrx_word' id='word_1_80' title='bbox 1035 960 1076 1024; x_wconf 91' lang='lat' dir='ltr'>ad</span> <span class='ocrx_word' id='word_1_81' title='bbox 1099 958 1209 1026; x_wconf 84' lang='lat' dir='ltr'>Bahal.</span> 
     </span>
    </p>
   </div>
   <div class='ocr_carea' id='block_1_3' title="bbox 459 1120 999 1372">
    <p class='ocr_par' dir='ltr' id='par_1_3' title="bbox 459 1120 999 1372">
     <span class='ocr_line' id='line_1_11' title="bbox 606 1120 849 1217; baseline 0.008 -3"><span class='ocrx_word' id='word_1_82' title='bbox 606 1120 742 1215; x_wconf 78' lang='lat' dir='ltr'>olens</span> <span class='ocrx_word' id='word_1_83' title='bbox 765 1150 849 1217; x_wconf 82' lang='lat' dir='ltr'>vni.</span> 
     </span>
     <span class='ocr_line' id='line_1_12' title="bbox 459 1289 999 1372; baseline -0.002 -17"><span class='ocrx_word' id='word_1_84' title='bbox 459 1289 509 1355; x_wconf 84' lang='lat' dir='ltr'>De</span> <span class='ocrx_word' id='word_1_85' title='bbox 532 1289 694 1356; x_wconf 81' lang='lat' dir='ltr'>Ecclesiae</span> <span class='ocrx_word' id='word_1_86' title='bbox 716 1290 999 1372; x_wconf 68' lang='lat' dir='ltr'>indefectibilitas.</span> 
     </span>
    </p>
   </div>
   <div class='ocr_carea' id='block_1_4' title="bbox 150 1428 1313 2300">
    <p class='ocr_par' dir='ltr' id='par_1_4' title="bbox 150 1428 1313 2300">
     <span class='ocr_line' id='line_1_13' title="bbox 255 1428 1311 1513; baseline 0.002 -19"><span class='ocrx_word' id='word_1_87' title='bbox 255 1428 462 1497; x_wconf 86' lang='lat' dir='ltr'>Declaramns</span> <span class='ocrx_word' id='word_1_88' title='bbox 494 1432 630 1511; x_wconf 87' lang='lat' dir='ltr'>insuper,</span> <span class='ocrx_word' id='word_1_89' title='bbox 662 1429 780 1496; x_wconf 85' lang='lat' dir='ltr'>Christi</span> <span class='ocrx_word' id='word_1_90' title='bbox 806 1431 997 1513; x_wconf 84' lang='lat' dir='ltr'>Ecclesiam,</span> <span class='ocrx_word' id='word_1_91' title='bbox 1029 1433 1095 1497; x_wconf 78' lang='lat' dir='ltr'>sire</span> <span class='ocrx_word' id='word_1_92' title='bbox 1125 1431 1311 1496; x_wconf 84' lang='lat' dir='ltr'>exsistentia</span> 
     </span>
     <span class='ocr_line' id='line_1_14' title="bbox 151 1518 1311 1602; baseline -0.002 -18"><span class='ocrx_word' id='word_1_93' title='bbox 151 1518 217 1584; x_wconf 81' lang='lat' dir='ltr'>sire</span> <span class='ocrx_word' id='word_1_94' title='bbox 242 1519 425 1584; x_wconf 89' lang='lat' dir='ltr'>constitutio</span> <span class='ocrx_word' id='word_1_95' title='bbox 448 1520 516 1602; x_wconf 83' lang='lat' dir='ltr'>ejus</span> <span class='ocrx_word' id='word_1_96' title='bbox 539 1524 709 1599; x_wconf 88' lang='lat' dir='ltr'>spectetur,</span> <span class='ocrx_word' id='word_1_97' title='bbox 732 1519 915 1584; x_wconf 86' lang='lat' dir='ltr'>societatem</span> <span class='ocrx_word' id='word_1_98' title='bbox 938 1538 1007 1585; x_wconf 88' lang='lat' dir='ltr'>esse</span> <span class='ocrx_word' id='word_1_99' title='bbox 1023 1537 1193 1602; x_wconf 89' lang='lat' dir='ltr'>perennem</span> <span class='ocrx_word' id='word_1_100' title='bbox 1214 1523 1311 1598; x_wconf 86' lang='lat' dir='ltr'>atque</span> 
     </span>
     <span class='ocr_line' id='line_1_15' title="bbox 150 1604 1313 1688; baseline -0.001 -18"><span class='ocrx_word' id='word_1_101' title='bbox 150 1604 408 1685; x_wconf 79' lang='lat' dir='ltr'>indefectibilem,</span> <span class='ocrx_word' id='word_1_102' title='bbox 444 1606 625 1686; x_wconf 87' lang='lat' dir='ltr'>nullamque</span> <span class='ocrx_word' id='word_1_103' title='bbox 653 1611 726 1686; x_wconf 89' lang='lat' dir='ltr'>post</span> <span class='ocrx_word' id='word_1_104' title='bbox 759 1605 844 1670; x_wconf 89' lang='lat' dir='ltr'>illam</span> <span class='ocrx_word' id='word_1_105' title='bbox 874 1625 974 1688; x_wconf 79' lang='lat' dir='ltr'>neque</span> <span class='ocrx_word' id='word_1_106' title='bbox 1006 1606 1179 1688; x_wconf 88' lang='lat' dir='ltr'>pleniorem</span> <span class='ocrx_word' id='word_1_107' title='bbox 1209 1623 1313 1686; x_wconf 80' lang='lat' dir='ltr'>neque</span> 
     </span>
     <span class='ocr_line' id='line_1_16' title="bbox 150 1692 1310 1775; baseline 0 -18"><span class='ocrx_word' id='word_1_108' title='bbox 150 1692 368 1774; x_wconf 78' lang='lat' dir='ltr'>perfectiorem</span> <span class='ocrx_word' id='word_1_109' title='bbox 392 1694 503 1758; x_wconf 88' lang='lat' dir='ltr'>salutis</span> <span class='ocrx_word' id='word_1_110' title='bbox 531 1693 743 1758; x_wconf 85' lang='lat' dir='ltr'>oeconomiam</span> <span class='ocrx_word' id='word_1_111' title='bbox 774 1694 806 1757; x_wconf 92' lang='lat' dir='ltr'>in</span> <span class='ocrx_word' id='word_1_112' title='bbox 829 1693 886 1758; x_wconf 90' lang='lat' dir='ltr'>hoc</span> <span class='ocrx_word' id='word_1_113' title='bbox 915 1695 1042 1760; x_wconf 90' lang='lat' dir='ltr'>saeculo</span> <span class='ocrx_word' id='word_1_114' title='bbox 1064 1693 1310 1775; x_wconf 82' lang='lat' dir='ltr'>exspectandam</span> 
     </span>
     <span class='ocr_line' id='line_1_17' title="bbox 150 1778 1310 1864; baseline -0.002 -18"><span class='ocrx_word' id='word_1_115' title='bbox 150 1798 228 1846; x_wconf 87' lang='lat' dir='ltr'>esse.</span> <span class='ocrx_word' id='word_1_116' title='bbox 275 1781 402 1846; x_wconf 87' lang='lat' dir='ltr'>Etenim</span> <span class='ocrx_word' id='word_1_117' title='bbox 425 1798 496 1846; x_wconf 88' lang='lat' dir='ltr'>curn</span> <span class='ocrx_word' id='word_1_118' title='bbox 528 1781 568 1844; x_wconf 87' lang='lat' dir='ltr'>ad</span> <span class='ocrx_word' id='word_1_119' title='bbox 591 1778 685 1845; x_wconf 89' lang='lat' dir='ltr'>finem</span> <span class='ocrx_word' id='word_1_120' title='bbox 714 1799 813 1862; x_wconf 90' lang='lat' dir='ltr'>usque</span> <span class='ocrx_word' id='word_1_121' title='bbox 835 1783 944 1846; x_wconf 91' lang='lat' dir='ltr'>mundi</span> <span class='ocrx_word' id='word_1_122' title='bbox 972 1784 1025 1864; x_wconf 91' lang='lat' dir='ltr'>qui</span> <span class='ocrx_word' id='word_1_123' title='bbox 1047 1783 1081 1845; x_wconf 93' lang='lat' dir='ltr'>in</span> <span class='ocrx_word' id='word_1_124' title='bbox 1103 1781 1197 1846; x_wconf 89' lang='lat' dir='ltr'>terris</span> <span class='ocrx_word' id='word_1_125' title='bbox 1219 1798 1310 1862; x_wconf 87' lang='lat' dir='ltr'>pere·</span> 
     </span>
     <span class='ocr_line' id='line_1_18' title="bbox 151 1867 1311 1950; baseline -0.005 -13"><span class='ocrx_word' id='word_1_126' title='bbox 151 1868 318 1950; x_wconf 57' lang='lat' dir='ltr'>fflnantm</span> <span class='ocrx_word' id='word_1_127' title='bbox 355 1868 504 1934; x_wconf 89' lang='lat' dir='ltr'>mortales</span> <span class='ocrx_word' id='word_1_128' title='bbox 539 1867 663 1933; x_wconf 88' lang='lat' dir='ltr'>Christo</span> <span class='ocrx_word' id='word_1_129' title='bbox 700 1874 829 1933; x_wconf 86' lang='lat' dir='ltr'>anctore</span> <span class='ocrx_word' id='word_1_130' title='bbox 865 1870 1010 1934; x_wconf 84' lang='lat' dir='ltr'>salvandi</span> <span class='ocrx_word' id='word_1_131' title='bbox 1047 1870 1128 1933; x_wconf 90' lang='lat' dir='ltr'>sint:</span> <span class='ocrx_word' id='word_1_132' title='bbox 1166 1867 1311 1932; x_wconf 81' lang='lat' dir='ltr'>Ecclesia</span> 
     </span>
     <span class='ocr_line' id='line_1_19' title="bbox 150 1953 1311 2037; baseline -0.001 -18"><span class='ocrx_word' id='word_1_133' title='bbox 150 1955 256 2037; x_wconf 84' lang='lat' dir='ltr'>ipsius,</span> <span class='ocrx_word' id='word_1_134' title='bbox 280 1973 364 2036; x_wconf 85' lang='lat' dir='ltr'>quae</span> <span class='ocrx_word' id='word_1_135' title='bbox 387 1956 455 2021; x_wconf 91' lang='lat' dir='ltr'>sola</span> <span class='ocrx_word' id='word_1_136' title='bbox 477 1960 526 2020; x_wconf 88' lang='lat' dir='ltr'>est</span> <span class='ocrx_word' id='word_1_137' title='bbox 549 1955 660 2021; x_wconf 82' lang='lat' dir='ltr'>salutis</span> <span class='ocrx_word' id='word_1_138' title='bbox 684 1956 829 2035; x_wconf 91' lang='lat' dir='ltr'>societas,</span> <span class='ocrx_word' id='word_1_139' title='bbox 853 1958 893 2021; x_wconf 88' lang='lat' dir='ltr'>ad</span> <span class='ocrx_word' id='word_1_140' title='bbox 916 1955 1010 2022; x_wconf 89' lang='lat' dir='ltr'>finem</span> <span class='ocrx_word' id='word_1_141' title='bbox 1026 1974 1126 2036; x_wconf 90' lang='lat' dir='ltr'>usqne</span> <span class='ocrx_word' id='word_1_142' title='bbox 1149 1955 1256 2020; x_wconf 91' lang='lat' dir='ltr'>mundi</span> <span class='ocrx_word' id='word_1_143' title='bbox 1277 1953 1311 2018; x_wconf 93' lang='lat' dir='ltr'>in</span> 
     </span>
     <span class='ocr_line' id='line_1_20' title="bbox 150 2041 1311 2125; baseline -0.003 -16"><span class='ocrx_word' id='word_1_144' title='bbox 150 2054 206 2109; x_wconf 84' lang='lat' dir='ltr'>sua</span> <span class='ocrx_word' id='word_1_145' title='bbox 230 2043 453 2108; x_wconf 81' lang='lat' dir='ltr'>constitutione</span> <span class='ocrx_word' id='word_1_146' title='bbox 468 2043 672 2108; x_wconf 86' lang='lat' dir='ltr'>irrrmutabilis</span> <span class='ocrx_word' id='word_1_147' title='bbox 688 2060 811 2124; x_wconf 87' lang='lat' dir='ltr'>semper</span> <span class='ocrx_word' id='word_1_148' title='bbox 826 2048 859 2109; x_wconf 87' lang='lat' dir='ltr'>et</span> <span class='ocrx_word' id='word_1_149' title='bbox 880 2044 1012 2109; x_wconf 89' lang='lat' dir='ltr'>immota</span> <span class='ocrx_word' id='word_1_150' title='bbox 1026 2045 1184 2125; x_wconf 90' lang='lat' dir='ltr'>persistet.</span> <span class='ocrx_word' id='word_1_151' title='bbox 1220 2041 1311 2106; x_wconf 85' lang='lat' dir='ltr'>Licet</span> 
     </span>
     <span class='ocr_line' id='line_1_21' title="bbox 150 2128 1310 2214; baseline -0.001 -20"><span class='ocrx_word' id='word_1_152' title='bbox 150 2131 249 2213; x_wconf 68' lang='lat' dir='ltr'>igittu</span> <span class='ocrx_word' id='word_1_153' title='bbox 279 2130 420 2195; x_wconf 83' lang='lat' dir='ltr'>Ecclesia</span> <span class='ocrx_word' id='word_1_154' title='bbox 447 2136 582 2210; x_wconf 88' lang='lat' dir='ltr'>crescat,</span> <span class='ocrx_word' id='word_1_155' title='bbox 618 2137 650 2194; x_wconf 92' lang='lat' dir='ltr'>et</span> <span class='ocrx_word' id='word_1_156' title='bbox 685 2131 805 2194; x_wconf 91' lang='lat' dir='ltr'>utinam</span> <span class='ocrx_word' id='word_1_157' title='bbox 841 2139 996 2214; x_wconf 80' lang='lat' dir='ltr'>augeatur</span> <span class='ocrx_word' id='word_1_158' title='bbox 1026 2132 1146 2213; x_wconf 74' lang='lat' dir='ltr'>jugiter</span> <span class='ocrx_word' id='word_1_159' title='bbox 1179 2128 1241 2195; x_wconf 86' lang='lat' dir='ltr'>fide</span> <span class='ocrx_word' id='word_1_160' title='bbox 1274 2134 1310 2192; x_wconf 91' lang='lat' dir='ltr'>et</span> 
     </span>
     <span class='ocr_line' id='line_1_22' title="bbox 151 2216 1309 2300; baseline -0.003 -17"><span class='ocrx_word' id='word_1_161' title='bbox 151 2216 316 2298; x_wconf 68' lang='lat' dir='ltr'>eharitata</span> <span class='ocrx_word' id='word_1_162' title='bbox 339 2224 375 2282; x_wconf 88' lang='lat' dir='ltr'>ut</span> <span class='ocrx_word' id='word_1_163' title='bbox 398 2217 515 2282; x_wconf 88' lang='lat' dir='ltr'>Christi</span> <span class='ocrx_word' id='word_1_164' title='bbox 548 2230 662 2299; x_wconf 89' lang='lat' dir='ltr'>corpus</span> <span class='ocrx_word' id='word_1_165' title='bbox 685 2217 879 2296; x_wconf 68' lang='lat' dir='ltr'>aedificatum</span> <span class='ocrx_word' id='word_1_166' title='bbox 910 2219 984 2283; x_wconf 88' lang='lat' dir='ltr'>licet</span> <span class='ocrx_word' id='word_1_167' title='bbox 1006 2236 1064 2300; x_wconf 92' lang='lat' dir='ltr'>pro</span> <span class='ocrx_word' id='word_1_168' title='bbox 1092 2218 1180 2282; x_wconf 90' lang='lat' dir='ltr'>varia</span> <span class='ocrx_word' id='word_1_169' title='bbox 1203 2221 1309 2281; x_wconf 88' lang='lat' dir='ltr'>aetate</span> 
     </span>
    </p>
   </div>
   <div class='ocr_carea' id='block_1_5' title="bbox 151 2305 1450 2387">
    <p class='ocr_par' dir='ltr' id='par_1_5' title="bbox 151 2305 1450 2387">
     <span class='ocr_line' id='line_1_23' title="bbox 151 2305 1450 2387; baseline -0.004 -16"><span class='ocrx_word' id='word_1_170' title='bbox 151 2315 222 2385; x_wconf 84' lang='lat' dir='ltr'>stra,</span> <span class='ocrx_word' id='word_1_171' title='bbox 261 2311 296 2369; x_wconf 90' lang='lat' dir='ltr'>et</span> <span class='ocrx_word' id='word_1_172' title='bbox 328 2323 386 2386; x_wconf 90' lang='lat' dir='ltr'>pro</span> <span class='ocrx_word' id='word_1_173' title='bbox 421 2306 603 2370; x_wconf 89' lang='lat' dir='ltr'>diversitate</span> <span class='ocrx_word' id='word_1_174' title='bbox 632 2305 867 2386; x_wconf 76' lang='lat' dir='ltr'>adiunctorum,</span> <span class='ocrx_word' id='word_1_175' title='bbox 903 2308 986 2372; x_wconf 90' lang='lat' dir='ltr'>inter</span> <span class='ocrx_word' id='word_1_176' title='bbox 1016 2323 1097 2387; x_wconf 88' lang='lat' dir='ltr'>quae</span> <span class='ocrx_word' id='word_1_177' title='bbox 1129 2308 1319 2370; x_wconf 62' lang='lat' dir='ltr'>constanter⁴</span> <span class='ocrx_word' id='word_1_178' title='bbox 1449 2317 1450 2320; x_wconf 72' lang='grc'>’</span> 
     </span>
    </p>
   </div>
   <div class='ocr_carea' id='block_1_6' title="bbox 150 2392 1319 2910">
    <p class='ocr_par' dir='ltr' id='par_1_6' title="bbox 150 2392 1319 2910">
     <span class='ocr_line' id='line_1_24' title="bbox 150 2392 1314 2474; baseline -0.003 -16"><span class='ocrx_word' id='word_1_179' title='bbox 150 2393 314 2458; x_wconf 85' lang='lat' dir='ltr'>militando</span> <span class='ocrx_word' id='word_1_180' title='bbox 350 2400 502 2471; x_wconf 88' lang='lat' dir='ltr'>versatur,</span> <span class='ocrx_word' id='word_1_181' title='bbox 537 2392 624 2457; x_wconf 84' lang='lat' dir='ltr'>varie</span> <span class='ocrx_word' id='word_1_182' title='bbox 651 2410 722 2457; x_wconf 90' lang='lat' dir='ltr'>sese</span> <span class='ocrx_word' id='word_1_183' title='bbox 752 2393 901 2474; x_wconf 88' lang='lat' dir='ltr'>explicet:</span> <span class='ocrx_word' id='word_1_184' title='bbox 936 2394 1048 2458; x_wconf 88' lang='lat' dir='ltr'>eadem</span> <span class='ocrx_word' id='word_1_185' title='bbox 1081 2392 1248 2457; x_wconf 88' lang='lat' dir='ltr'>tamenin</span> <span class='ocrx_word' id='word_1_186' title='bbox 1276 2407 1314 2455; x_wconf 89' lang='lat' dir='ltr'>se·</span> 
     </span>
     <span class='ocr_line' id='line_1_25' title="bbox 151 2478 1310 2562; baseline -0.003 -15"><span class='ocrx_word' id='word_1_187' title='bbox 151 2497 270 2562; x_wconf 75' lang='lat' dir='ltr'>amque</span> <span class='ocrx_word' id='word_1_188' title='bbox 288 2498 312 2545; x_wconf 86' lang='lat' dir='ltr'>a</span> <span class='ocrx_word' id='word_1_189' title='bbox 333 2478 460 2545; x_wconf 82' lang='lat' dir='ltr'>Christo</span> <span class='ocrx_word' id='word_1_190' title='bbox 483 2485 615 2562; x_wconf 85' lang='lat' dir='ltr'>accepta</span> <span class='ocrx_word' id='word_1_191' title='bbox 637 2480 862 2546; x_wconf 83' lang='lat' dir='ltr'>constitutione</span> <span class='ocrx_word' id='word_1_192' title='bbox 890 2480 1094 2546; x_wconf 80' lang='lat' dir='ltr'>immutabilis</span> <span class='ocrx_word' id='word_1_193' title='bbox 1116 2482 1310 2561; x_wconf 83' lang='lat' dir='ltr'>perseverat.</span> 
     </span>
     <span class='ocr_line' id='line_1_26' title="bbox 151 2564 1310 2650; baseline -0.003 -18"><span class='ocrx_word' id='word_1_194' title='bbox 151 2565 257 2646; x_wconf 70' lang='lat' dir='ltr'>Quam</span> <span class='ocrx_word' id='word_1_195' title='bbox 276 2564 399 2632; x_wconf 87' lang='lat' dir='ltr'>Christi</span> <span class='ocrx_word' id='word_1_196' title='bbox 421 2567 566 2633; x_wconf 88' lang='lat' dir='ltr'>Ecclesia</span> <span class='ocrx_word' id='word_1_197' title='bbox 594 2584 753 2649; x_wconf 72' lang='lat' dir='ltr'>numnam</span> <span class='ocrx_word' id='word_1_198' title='bbox 775 2572 882 2648; x_wconf 90' lang='lat' dir='ltr'>potest</span> <span class='ocrx_word' id='word_1_199' title='bbox 913 2568 1058 2634; x_wconf 86' lang='lat' dir='ltr'>excidere</span> <span class='ocrx_word' id='word_1_200' title='bbox 1081 2569 1145 2632; x_wconf 89' lang='lat' dir='ltr'>sais</span> <span class='ocrx_word' id='word_1_201' title='bbox 1168 2565 1310 2650; x_wconf 84' lang='lat' dir='ltr'>propria-</span> 
     </span>
     <span class='ocr_line' id='line_1_27' title="bbox 150 2653 1313 2736; baseline -0.005 -14"><span class='ocrx_word' id='word_1_202' title='bbox 150 2655 271 2722; x_wconf 77' lang='lat' dir='ltr'>tatibns</span> <span class='ocrx_word' id='word_1_203' title='bbox 296 2658 328 2719; x_wconf 93' lang='lat' dir='ltr'>et</span> <span class='ocrx_word' id='word_1_204' title='bbox 347 2653 482 2732; x_wconf 89' lang='lat' dir='ltr'>dotibus,</span> <span class='ocrx_word' id='word_1_205' title='bbox 506 2673 597 2721; x_wconf 84' lang='lat' dir='ltr'>sacro</span> <span class='ocrx_word' id='word_1_206' title='bbox 619 2673 677 2719; x_wconf 90' lang='lat' dir='ltr'>suo</span> <span class='ocrx_word' id='word_1_207' title='bbox 692 2655 884 2735; x_wconf 75' lang='lat' dir='ltr'>magismrio,</span> <span class='ocrx_word' id='word_1_208' title='bbox 907 2656 1082 2720; x_wconf 82' lang='lat' dir='ltr'>ministerio</span> <span class='ocrx_word' id='word_1_209' title='bbox 1098 2660 1132 2719; x_wconf 84' lang='lat' dir='ltr'>et</span> <span class='ocrx_word' id='word_1_210' title='bbox 1147 2653 1313 2736; x_wconf 76' lang='lat' dir='ltr'>regimine,</span> 
     </span>
     <span class='ocr_line' id='line_1_28' title="bbox 151 2739 1319 2826; baseline -0.003 -19"><span class='ocrx_word' id='word_1_211' title='bbox 151 2746 186 2807; x_wconf 89' lang='lat' dir='ltr'>nt</span> <span class='ocrx_word' id='word_1_212' title='bbox 217 2739 364 2807; x_wconf 84' lang='lat' dir='ltr'>Christus</span> <span class='ocrx_word' id='word_1_213' title='bbox 398 2757 595 2824; x_wconf 90' lang='lat' dir='ltr'>percorpus</span> <span class='ocrx_word' id='word_1_214' title='bbox 626 2759 719 2806; x_wconf 89' lang='lat' dir='ltr'>suum</span> <span class='ocrx_word' id='word_1_215' title='bbox 751 2742 873 2808; x_wconf 82' lang='lat' dir='ltr'>risibile</span> <span class='ocrx_word' id='word_1_216' title='bbox 906 2749 1060 2826; x_wconf 87' lang='lat' dir='ltr'>perpetuo</span> <span class='ocrx_word' id='word_1_217' title='bbox 1092 2743 1151 2807; x_wconf 81' lang='lat' dir='ltr'>sit·</span> <span class='ocrx_word' id='word_1_218' title='bbox 1166 2740 1319 2806; x_wconf 82' lang='lat' dir='ltr'>omuibus</span> 
     </span>
     <span class='ocr_line' id='line_1_29' title="bbox 152 2829 702 2910; baseline -0.002 -14"><span class='ocrx_word' id='word_1_219' title='bbox 152 2829 328 2896; x_wconf 88' lang='lat' dir='ltr'>hominibus</span> <span class='ocrx_word' id='word_1_220' title='bbox 350 2831 410 2910; x_wconf 81' lang='lat' dir='ltr'>ria,</span> <span class='ocrx_word' id='word_1_221' title='bbox 435 2832 551 2895; x_wconf 89' lang='lat' dir='ltr'>veritas</span> <span class='ocrx_word' id='word_1_222' title='bbox 575 2836 608 2894; x_wconf 92' lang='lat' dir='ltr'>et</span> <span class='ocrx_word' id='word_1_223' title='bbox 629 2830 702 2895; x_wconf 83' lang='lat' dir='ltr'>vita.</span> 
     </span>
    </p>
   </div>
   <div class='ocr_carea' id='block_1_7' title="bbox 484 3020 982 3242">
    <p class='ocr_par' dir='ltr' id='par_1_7' title="bbox 484 3020 982 3242">
     <span class='ocr_line' id='line_1_30' title="bbox 627 3020 841 3088; baseline 0.005 -1"><span class='ocrx_word' id='word_1_224' title='bbox 627 3020 764 3087; x_wconf 83' lang='lat' dir='ltr'>CAPUT</span> <span class='ocrx_word' id='word_1_225' title='bbox 788 3020 841 3088; x_wconf 87' lang='lat' dir='ltr'>IX.</span> 
     </span>
     <span class='ocr_line' id='line_1_31' title="bbox 484 3160 982 3242; baseline -0.006 -15"><span class='ocrx_word' id='word_1_226' title='bbox 484 3161 534 3227; x_wconf 89' lang='lat' dir='ltr'>De</span> <span class='ocrx_word' id='word_1_227' title='bbox 557 3161 719 3227; x_wconf 74' lang='lat' dir='ltr'>Ecclesiae</span> <span class='ocrx_word' id='word_1_228' title='bbox 741 3160 982 3242; x_wconf 61' lang='lat' dir='ltr'>infallibilitate.</span> 
     </span>
    </p>
   </div>
   <div class='ocr_carea' id='block_1_8' title="bbox 152 3296 1404 3993">
    <p class='ocr_par' dir='ltr' id='par_1_8' title="bbox 152 3296 1404 3993">
     <span class='ocr_line' id='line_1_32' title="bbox 254 3296 1313 3382; baseline -0.007 -16"><span class='ocrx_word' id='word_1_229' title='bbox 254 3300 422 3366; x_wconf 77' lang='lat' dir='ltr'>Exciderat</span> <span class='ocrx_word' id='word_1_230' title='bbox 444 3319 538 3382; x_wconf 86' lang='lat' dir='ltr'>porro</span> <span class='ocrx_word' id='word_1_231' title='bbox 562 3299 707 3366; x_wconf 80' lang='lat' dir='ltr'>Ecclesia</span> <span class='ocrx_word' id='word_1_232' title='bbox 728 3298 847 3367; x_wconf 88' lang='lat' dir='ltr'>Christi</span> <span class='ocrx_word' id='word_1_233' title='bbox 878 3318 898 3365; x_wconf 91' lang='lat' dir='ltr'>a</span> <span class='ocrx_word' id='word_1_234' title='bbox 920 3319 978 3364; x_wconf 87' lang='lat' dir='ltr'>sua</span> <span class='ocrx_word' id='word_1_235' title='bbox 999 3296 1255 3364; x_wconf 82' lang='lat' dir='ltr'>immutabilitate</span> <span class='ocrx_word' id='word_1_236' title='bbox 1276 3301 1313 3360; x_wconf 84' lang='lat' dir='ltr'>et</span> 
     </span>
     <span class='ocr_line' id='line_1_33' title="bbox 153 3383 1320 3470; baseline -0.005 -16"><span class='ocrx_word' id='word_1_237' title='bbox 153 3388 315 3470; x_wconf 65' lang='lat' dir='ltr'>lignitate</span> <span class='ocrx_word' id='word_1_238' title='bbox 338 3393 371 3453; x_wconf 92' lang='lat' dir='ltr'>et</span> <span class='ocrx_word' id='word_1_239' title='bbox 385 3388 546 3454; x_wconf 83' lang='lat' dir='ltr'>desineret</span> <span class='ocrx_word' id='word_1_240' title='bbox 561 3405 630 3453; x_wconf 90' lang='lat' dir='ltr'>esse</span> <span class='ocrx_word' id='word_1_241' title='bbox 653 3388 788 3453; x_wconf 86' lang='lat' dir='ltr'>societas</span> <span class='ocrx_word' id='word_1_242' title='bbox 803 3390 887 3454; x_wconf 79' lang='lat' dir='ltr'>sitae</span> <span class='ocrx_word' id='word_1_243' title='bbox 910 3406 948 3453; x_wconf 90' lang='lat' dir='ltr'>ac</span> <span class='ocrx_word' id='word_1_244' title='bbox 964 3387 1178 3453; x_wconf 68' lang='lat' dir='ltr'>necesarium</span> <span class='ocrx_word' id='word_1_245' title='bbox 1200 3383 1320 3451; x_wconf 74' lang='lat' dir='ltr'>salutis-</span> 
     </span>
     <span class='ocr_line' id='line_1_34' title="bbox 152 3469 1320 3556; baseline -0.006 -15"><span class='ocrx_word' id='word_1_246' title='bbox 152 3475 298 3555; x_wconf 72' lang='lat' dir='ltr'>madium,</span> <span class='ocrx_word' id='word_1_247' title='bbox 319 3476 349 3542; x_wconf 89' lang='lat' dir='ltr'>si</span> <span class='ocrx_word' id='word_1_248' title='bbox 371 3476 482 3540; x_wconf 86' lang='lat' dir='ltr'>eadem</span> <span class='ocrx_word' id='word_1_249' title='bbox 502 3493 527 3541; x_wconf 84' lang='lat' dir='ltr'>a</span> <span class='ocrx_word' id='word_1_250' title='bbox 548 3469 681 3541; x_wconf 81' lang='lat' dir='ltr'>salutari</span> <span class='ocrx_word' id='word_1_251' title='bbox 703 3473 776 3540; x_wconf 84' lang='lat' dir='ltr'>fidei</span> <span class='ocrx_word' id='word_1_252' title='bbox 791 3485 975 3556; x_wconf 87' lang='lat' dir='ltr'>morumque</span> <span class='ocrx_word' id='word_1_253' title='bbox 997 3474 1132 3540; x_wconf 66' lang='lat' dir='ltr'>veritate</span> <span class='ocrx_word' id='word_1_254' title='bbox 1153 3472 1320 3551; x_wconf 68' lang='lat' dir='ltr'>aberrare,</span> 
     </span>
     <span class='ocr_line' id='line_1_35' title="bbox 153 3554 1312 3645; baseline -0.008 -14"><span class='ocrx_word' id='word_1_255' title='bbox 153 3581 188 3631; x_wconf 76' lang='lat' dir='ltr'>aa</span> <span class='ocrx_word' id='word_1_256' title='bbox 210 3563 244 3629; x_wconf 88' lang='lat' dir='ltr'>ln</span> <span class='ocrx_word' id='word_1_257' title='bbox 265 3581 306 3628; x_wconf 85' lang='lat' dir='ltr'>ea</span> <span class='ocrx_word' id='word_1_258' title='bbox 326 3562 541 3644; x_wconf 84' lang='lat' dir='ltr'>praedicanda</span> <span class='ocrx_word' id='word_1_259' title='bbox 562 3569 659 3644; x_wconf 72' lang='lat' dir='ltr'>atque</span> <span class='ocrx_word' id='word_1_260' title='bbox 693 3556 878 3645; x_wconf 78' lang='lat' dir='ltr'>exponenda</span> <span class='ocrx_word' id='word_1_261' title='bbox 899 3554 966 3628; x_wconf 75' lang='lat' dir='ltr'>tulli</span> <span class='ocrx_word' id='word_1_262' title='bbox 986 3561 1040 3627; x_wconf 78' lang='lat' dir='ltr'>val</span> <span class='ocrx_word' id='word_1_263' title='bbox 1060 3560 1170 3627; x_wconf 82' lang='lat' dir='ltr'>tallere</span> <span class='ocrx_word' id='word_1_264' title='bbox 1193 3564 1312 3642; x_wconf 74' lang='lat' dir='ltr'>posset.</span> 
     </span>
     <span class='ocr_line' id='line_1_36' title="bbox 153 3645 1312 3732; baseline -0.006 -15"><span class='ocrx_word' id='word_1_265' title='bbox 153 3649 195 3717; x_wconf 79' lang='lat' dir='ltr'>m</span> <span class='ocrx_word' id='word_1_266' title='bbox 213 3650 362 3717; x_wconf 76' lang='lat' dir='ltr'>columna</span> <span class='ocrx_word' id='word_1_267' title='bbox 392 3655 424 3715; x_wconf 83' lang='lat' dir='ltr'>at.</span> <span class='ocrx_word' id='word_1_268' title='bbox 445 3648 678 3716; x_wconf 85' lang='lat' dir='ltr'>firmamentum</span> <span class='ocrx_word' id='word_1_269' title='bbox 701 3650 879 3732; x_wconf 73' lang='lat' dir='ltr'>renitatis¹l</span> <span class='ocrx_word' id='word_1_270' title='bbox 910 3655 974 3730; x_wconf 72' lang='lat' dir='ltr'>est,</span> <span class='ocrx_word' id='word_1_271' title='bbox 1008 3649 1142 3730; x_wconf 79' lang='lat' dir='ltr'>ideoque</span> <span class='ocrx_word' id='word_1_272' title='bbox 1164 3649 1203 3714; x_wconf 93' lang='lat' dir='ltr'>ab</span> <span class='ocrx_word' id='word_1_273' title='bbox 1224 3645 1312 3711; x_wconf 87' lang='lat' dir='ltr'>omui</span> 
     </span>
     <span class='ocr_line' id='line_1_37' title="bbox 153 3735 1321 3820; baseline -0.01 -16"><span class='ocrx_word' id='word_1_274' title='bbox 153 3738 267 3804; x_wconf 80' lang='lat' dir='ltr'>erroris</span> <span class='ocrx_word' id='word_1_275' title='bbox 288 3735 499 3818; x_wconf 76' lang='lat' dir='ltr'>falsitatisque</span> <span class='ocrx_word' id='word_1_276' title='bbox 530 3737 669 3820; x_wconf 76' lang='lat' dir='ltr'>periculo</span> <span class='ocrx_word' id='word_1_277' title='bbox 692 3736 793 3803; x_wconf 83' lang='lat' dir='ltr'>libera</span> <span class='ocrx_word' id='word_1_278' title='bbox 821 3741 853 3803; x_wconf 89' lang='lat' dir='ltr'>et</span> <span class='ocrx_word' id='word_1_279' title='bbox 871 3737 1032 3802; x_wconf 77' lang='lat' dir='ltr'>imminuis.</span> <span class='ocrx_word' id='word_1_280' title='bbox 1084 3736 1182 3803; x_wconf 75' lang='lat' dir='ltr'>Sacro</span> <span class='ocrx_word' id='word_1_281' title='bbox 1205 3739 1321 3799; x_wconf 26' lang='lat' dir='ltr'>aman,</span> 
     </span>
     <span class='ocr_line' id='line_1_38' title="bbox 154 3822 1404 3907; baseline -0.005 -18"><span class='ocrx_word' id='word_1_282' title='bbox 154 3831 185 3890; x_wconf 87' lang='lat' dir='ltr'>et</span> <span class='ocrx_word' id='word_1_283' title='bbox 214 3824 385 3891; x_wconf 86' lang='lat' dir='ltr'>universali</span> <span class='ocrx_word' id='word_1_284' title='bbox 414 3825 609 3907; x_wconf 89' lang='lat' dir='ltr'>approbante</span> <span class='ocrx_word' id='word_1_285' title='bbox 639 3823 779 3890; x_wconf 87' lang='lat' dir='ltr'>Concilio</span> <span class='ocrx_word' id='word_1_286' title='bbox 808 3824 955 3889; x_wconf 88' lang='lat' dir='ltr'>docemus</span> <span class='ocrx_word' id='word_1_287' title='bbox 977 3829 1073 3905; x_wconf 88' lang='lat' dir='ltr'>atque</span> <span class='ocrx_word' id='word_1_288' title='bbox 1105 3822 1321 3898; x_wconf 75' lang='lat' dir='ltr'>declaramus,</span> <span class='ocrx_word' id='word_1_289' title='bbox 1401 3866 1404 3871; x_wconf 79' lang='lat'><em>-</em></span> 
     </span>
     <span class='ocr_line' id='line_1_39' title="bbox 154 3906 1321 3993; baseline -0.008 -14"><span class='ocrx_word' id='word_1_290' title='bbox 154 3911 257 3991; x_wconf 82' lang='lat' dir='ltr'>dotem</span> <span class='ocrx_word' id='word_1_291' title='bbox 280 3911 540 3992; x_wconf 66' lang='lat' dir='ltr'>infalhbilitatis,</span> <span class='ocrx_word' id='word_1_292' title='bbox 555 3929 636 3993; x_wconf 70' lang='lat' dir='ltr'>quae</span> <span class='ocrx_word' id='word_1_293' title='bbox 658 3917 984 3992; x_wconf 82' lang='lat' dir='ltr'>tanquam&#39;perpstca</span> <span class='ocrx_word' id='word_1_294' title='bbox 1006 3909 1170 3978; x_wconf 76' lang='lat' dir='ltr'>Ecclesiae</span> <span class='ocrx_word' id='word_1_295' title='bbox 1193 3906 1321 3973; x_wconf 79' lang='lat' dir='ltr'>Christi</span> 
     </span>
    </p>
   </div>
   <div class='ocr_carea' id='block_1_9' title="bbox 156 4054 362 4064">
    <p class='ocr_par' dir='ltr' id='par_1_9' title="bbox 156 4054 362 4064">
     <span class='ocr_line' id='line_1_40' title="bbox 156 4054 362 4064; baseline 0.015 -3"><span class='ocrx_word' id='word_1_296' title='bbox 156 4054 362 4064; x_wconf 72' lang='lat'><em>--—-—-——-</em></span> 
     </span>
    </p>
   </div>
   <div class='ocr_carea' id='block_1_10' title="bbox 261 4111 712 4188">
    <p class='ocr_par' dir='ltr' id='par_1_10' title="bbox 261 4111 712 4188">
     <span class='ocr_line' id='line_1_41' title="bbox 261 4111 712 4188; baseline 0 -14"><span class='ocrx_word' id='word_1_297' title='bbox 261 4122 281 4188; x_wconf 89' lang='grc' dir='ltr'>ι)</span> <span class='ocrx_word' id='word_1_298' title='bbox 300 4120 352 4188; x_wconf 86' lang='lat' dir='ltr'>Ep.</span> <span class='ocrx_word' id='word_1_299' title='bbox 373 4120 394 4172; x_wconf 84' lang='lat'>1.</span> <span class='ocrx_word' id='word_1_300' title='bbox 413 4121 448 4175; x_wconf 82' lang='lat' dir='ltr'>ad</span> <span class='ocrx_word' id='word_1_301' title='bbox 466 4119 582 4174; x_wconf 83' lang='lat' dir='ltr'>Timoth.</span> <span class='ocrx_word' id='word_1_302' title='bbox 603 4112 652 4174; x_wconf 84' lang='lat' dir='ltr'>Ill.</span> <span class='ocrx_word' id='word_1_303' title='bbox 672 4111 712 4174; x_wconf 82' lang='lat' dir='ltr'>lb.</span> 
     </span>
    </p>
   </div>
   <div class='ocr_carea' id='block_1_11' title="bbox 0 0 1482 4942">
    <p class='ocr_par' dir='ltr' id='par_1_11' title="bbox 0 0 1482 4942">
     <span class='ocr_line' id='line_1_42' title="bbox 0 0 1482 4942; baseline 0 0"><span class='ocrx_word' id='word_1_304' title='bbox 0 0 1482 4942; x_wconf 95' lang='lat' dir='ltr'> </span> 
     </span>
    </p>
   </div>
  </div>
 </body>
</html>
