2946 4942
157 313 217 376 llo
648 324 817 396 rosmrnnrn

259 466 298 530 lI.
331 466 419 531 Haec
442 463 552 529 eadem
575 463 737 528 calamitas
753 463 915 528 Orientem
930 481 1055 545 quoque
1070 463 1194 529 invadit
1208 465 1314 530 misen

150 554 241 618 rimis
272 553 337 618 suis
370 551 533 618 effectibus
568 554 600 614 61
621 550 663 616 ad
684 557 809 631 gentem
832 559 975 615 nostram
998 548 1261 633 Ecclesiamquc,
1283 557 1315 618 et

153 639 194 705 ad
227 641 406 704 uniuersam
439 640 472 704 in
503 636 632 704 Oriente
662 637 740 701 Rem
776 635 972 703 Catholicam
1005 639 1171 703 teterrima
1203 639 1314 705 exinde

154 729 271 792 damna
293 727 447 806 oriuntur,
470 726 594 807 quibus,
617 729 735 790 utrem
751 742 809 806 pro
832 726 968 790 16111616
984 724 1134 804 dicamus,
1146 724 1315 793 obnoxium

148 832 277 896 quoque
311 818 361 880 est
391 812 650 879 Providissimnm
672 811 906 892 Paternumque
939 818 1083 878 nostrum
1108 812 1313 891 Gubernium,

154 902 205 967 cui
227 906 354 984 gratum
377 901 473 967 habet
495 901 635 964 animum
657 902 725 965 1616
748 900 885 964 Α111666
907 898 1103 980 Hierarchic,
1126 901 1314 984 praesertim
1384 956 1387 967 .

152 1006 210 1070 pro
232 988 379 1070 religiosa
400 988 550 1053 libertate
572 1005 635 1069 qua
657 987 728 1068 ipsa
748 985 873 1051 fruitur.

258 1075 314 1142 Ill.
347 1075 435 1140 Haec
458 1080 564 1139 autem
588 1073 772 1139 calamitosa
794 1072 932 1138 conditio
956 1074 1058 1154 magis
1075 1073 1168 1138 noxia
1181 1072 1314 1139 evadere

150 1162 357 1244 dignoscitur,
383 1180 420 1227 eo
436 1161 520 1243 quod
536 1162 578 1226 sit
593 1163 772 1226 teterrimus
785 1159 914 1226 effectus
930 1177 1151 1241 perversorum
1165 1176 1314 1241 quorum-
1344 1228 1352 1239 ,

153 1251 226 1316 dam
249 1250 484 1330 principiorum,
506 1249 619 1331 quibus
641 1248 766 1329 Justitia
786 1253 818 1314 et
831 1247 905 1329 jura
920 1248 1061 1329 gentium
1077 1247 1312 1314 conculcantur.

258 1336 312 1401 IV.
337 1337 418 1402 Hinc
440 1355 503 1402 non
531 1335 666 1417 amplius
686 1335 811 1419 justitia
832 1333 889 1401 sed
908 1334 960 1415 jus
976 1333 1124 1413 fortioris
1142 1343 1199 1401 ant
1213 1350 1314 1402 scere

149 1428 257 1488 ⁴tarum
291 1423 453 1488 molimina
485 1424 693 1503 societatum,
729 1423 761 1489 iu
797 1423 966 1488 humanam
988 1422 1174 1488 societatem
1197 1422 1314 1504 ubique

151 1515 351 1592 grassantur.

259 1597 297 1661 V.
331 1597 413 1661 Hinc
434 1597 589 1679 principia
611 1614 734 1678 quoque
758 1594 959 1662 Christianae
978 1594 1169 1662 moralitatis
1190 1614 1245 1662 sus
1261 1598 1314 1663 de-

153 1702 215 1765 que
243 1690 430 1763 vertuntur,
464 1703 522 1766 per
556 1683 626 1748 illas
660 1685 835 1749 neotericae
869 1700 1098 1765 perversasque
1139 1683 1308 1765 doctrinas,

153 1787 232 1854 quas
247 1771 418 1837 nonnullae
432 1771 667 1852 Ephemeridcs,
685 1769 789 1837 factae
810 1773 879 1854 jam
904 1771 1076 1852 impietatis
1092 1771 1313 1852 instrumenta,

153 1863 187 1923 et
208 1864 404 1925 secretarum
426 1861 612 1924 societatum
635 1867 768 1924 conatus
795 1877 852 1939 per
875 1875 984 1923 omnes
1008 1858 1153 1938 regiones
1176 1859 1314 1925 excitare

150 1949 249 2026 atque
273 1964 450 2028 propagare
472 1946 625 2025 nituntur,
651 1952 684 2011 et
705 1945 769 2027 J'am
792 1952 982 2028 praeruptus
1005 1951 1114 2011 tantae
1136 1946 1310 2027 impietatis

153 2038 278 2100 torrens
302 2038 429 2099 nostras
451 2051 575 2116 quoque
598 2033 709 2115 plagas
731 2033 862 2099 invadit.

258 2121 312 2188 Vl.
345 2120 514 2202 speciatim
530 2139 605 2186 vero
620 2121 693 2185 idea
707 2119 1033 2202 praeceptiDecalogi
1053 2119 1142 2198 ,Non
1158 2119 1313 2199 occides“,

148 2208 242 2290 cujus
275 2206 390 2273 Custos
421 2213 454 2274 61
482 2209 645 2288 Interpres
669 2212 719 2272 est
740 2208 810 2290 ipsa
832 2209 950 2274 Sancta
972 2205 1137 2273 Oatholica
1159 2206 1313 2288 Ecclesia,

153 2300 285 2376 propter
306 2295 428 2379 injusta
449 2294 534 2361 bella
555 2300 623 2360 tam
646 2295 758 2361 vitiata
781 2300 831 2359 est
852 2295 886 2360 in
907 2299 1014 2360 mente
1037 2293 1155 2377 populi,
1179 2299 1217 2361 ut
1231 2294 1315 2361 iuter

153 2380 237 2447 bella
256 2382 352 2464 justa,
377 2400 416 2448 ac
437 2383 573 2465 injustas
597 2382 711 2448 caedes
733 2388 935 2464 stragemque
954 2382 1022 2464 Jam
1037 2399 1129 2447 omne
1145 2381 1314 2449 discrimen

152 2469 295 2622 afflatum
323 2471 487 2549 rideatur,
519 2488 623 2551 neque
650 2469 733 2535 inter
765 2476 934 2551 utrumque
963 2468 1099 2551 populus
1133 2469 1313 2537 discernere

152 2575 172 2621 1
205 2562 266 2623 661.
855 2615 859 2619 ,

259 2643 328 2709 Vll.
364 2642 428 2709 Sed
459 2644 533 2725 quia
557 2641 703 2709 christus
737 2643 892 2710 Dominus
920 2647 1042 2722 noster,
1070 2661 1141 2709 cum
1170 2661 1261 2709 sunm
1281 2645 1314 2709 in

152 2736 243 2796 terra
264 2730 403 2795 instituit
424 2730 609 2810 Ecclesiam,
633 2730 686 2795 illi·
702 2731 761 2796 soli
784 2748 846 2798 nou
868 2731 961 2798 modo
978 2731 1111 2796 Divinae
1133 2739 1313 2796 61661616

153 2816 282 2882 lationis
305 2818 438 2884 tradidit
460 2818 647 2900 depositum,
671 2819 736 2904 sed¹
751 2824 784 2884 et
806 2817 978 2885 infallibilis
1000 2818 1176 2901 magisterii
1197 2819 1314 2885 Aucto

154 2905 284 2970 ritatem
317 2923 416 2986 usque
451 2905 493 2970 ad
523 2907 824 2972 consummationem
855 2905 974 2972 saeculi
996 2906 1190 2983 duraturam,
1213 2922 1313 2989 neque

153 3010 211 3074 per
233 2992 382 3057 Gentium
409 2992 460 3057 161
483 2992 648 3075 regionum
670 2992 909 3074 amplitudinem
930 2992 1139 3073 limitandum,
1155 2991 1225 3074 ejus
1240 2988 1313 3058 Offi-

149 3081 237 3145 cium
260 3084 292 3145 et
314 3081 459 3146 omnibus
482 3079 630 3162 gentibus
655 3084 687 3145 et
716 3080 897 3146 nationibus
921 3079 1078 3161 justitiam
1102 3097 1140 3145 ac
1163 3079 1313 3146 moralem

154 3166 317 3247 Evangelii
351 3167 454 3250 legem
476 3167 660 3248 praedicare
682 3185 719 3232 ac
742 3169 866 3246 docere,
891 3174 924 3233 61
947 3168 1027 3233 haec
1048 3166 1229 3233 inerrabilis
1250 3183 1314 3232 ma·

154 3253 277 3335 gisteffi
309 3254 500 3319 inviolabilis
528 3254 711 3320 Auctoritas
738 3255 771 3319 in
794 3273 930 3338 persona
953 3254 1042 3320 Petri
1063 3253 1214 3337 legitimis
1237 3252 1313 3337 Ejus

155 3339 396 3406 Successoribus
419 3347 468 3406 cst
491 3341 680 3408 concredita.

259 3427 343 3492 VIII.
369 3428 518 3505 Quamvis
534 3436 641 3494 autem
657 3428 863 3494 zelantissimi
875 3428 1035 3494 Ecclesiae
1051 3428 1190 3493 Ministri
1206 3445 1313 3494 vocem

28 3562 35 3569 .
153 3531 242 3577 suam
276 3514 477 3590 extollentes,
510 3533 662 3598 perversa
688 3515 766 3581 haec
800 3517 956 3598 principia
985 3517 1171 3597 impugnare
1189 3514 1315 3597 Jusque

153 3599 320 3680 Gentium,
357 3621 394 3669 66
428 3620 519 3669 66616
541 3603 729 3669 moralitatis
752 3604 908 3686 principia
936 3621 1153 3685 propugnare,
1176 3607 1210 3668 et
1232 3602 1315 3668 bella

149 3687 238 3769 justa
270 3688 355 3755 inter
385 3709 423 3755 66
445 3690 574 3756 caedem
597 3696 799 3771 stragemque
822 3691 1005 3756 discrimina
1027 3690 1158 3774 populos
1182 3691 1314 3757 edocere

152 3792 211 3856 pro
245 3776 364 3842 viribus
400 3782 571 3858 conentur,
605 3783 747 3843 attamen
778 3777 862 3842 inter
886 3778 1038 3845 clamores
1060 3777 1235 3859 impietatis
1256 3795 1315 3843 vox

152 3861 440 3929 zelantissimorum
463 3864 631 3931 Pastorum
649 3867 717 3947 jam
739 3863 837 3929 ferme
860 3866 999 3947 extingui
1021 3866 1155 3931 videtur.

259 3950 314 4015 IX.
347 3951 452 4029 Quare
473 3950 585 4017 Patres
605 3953 699 4035 huius
722 3949 840 4034 Synodi
869 3954 1079 4018 miserrimum
1109 3951 1169 4016 hoc
1190 3956 1314 4033 specta·

154 4037 261 4102 culum
295 4057 315 4104 a
346 4038 438 4120 longe
468 4057 530 4104 non
559 4042 626 4105 sine
652 4039 801 4122 lacrymis
825 4040 1013 4121 aspicientes
1036 4046 1069 4105 et
1091 4039 1205 4104 horum
1229 4041 1314 4120 prin-

153 4124 307 4205 cipiorum
329 4138 410 4207 qnae
433 4127 537 4191 omnia
561 4126 666 4192 delere
681 4127 851 4205 minantur,
867 4145 1010 4209 quaeque
1027 4126 1198 4204 libertatis,
1215 4126 1314 4191 natio

153 4211 315 4294 nalitatis,
350 4219 382 4279 61
411 4213 559 4279 similium
587 4212 748 4280 fallacium
775 4214 936 4279 nominum
958 4215 1018 4279 sub
1040 4214 1108 4279 velo
1129 4213 1314 4278 abscondita

152 4306 236 4378 sunt,
261 4300 425 4381 giganteos
441 4299 605 4367 Orientem
627 4319 737 4385 uersus
759 4302 897 4384 impetus
920 4301 1149 4384 conspicientes
1171 4301 1314 4383 apprime
