2946 4942
598 340 637 386 nr
660 338 877 388 maturans
1197 370 1201 377 .
1250 323 1311 385 tal

149 477 326 560 perlectam
348 496 542 549 emnmunem
564 477 723 559 pollicitae
745 476 872 556 bunut,
896 478 1049 559 majorem
1071 473 1316 543 Communitntis

150 569 278 648 purtem
300 566 493 633 constituere
514 567 757 646 comperiantur.

258 651 327 723 soc
349 653 443 718 modo
465 651 646 718 introducta
667 653 700 717 in
722 651 828 731 alique
850 651 1044 717 Monasterio
1067 651 1135 715 vita
1156 651 1317 716 communi

150 737 309 820 puisaia,
342 740 370 805 si
402 756 481 821 quas
504 745 674 805 renuentes
705 740 739 803 in
768 757 805 805 eo
834 755 1001 820 superesse
1024 739 1200 820 contingat,
1233 739 1316 804 istae

151 826 281 900 minime
302 827 344 895 ad
365 824 503 895 officium
531 825 775 907 Superiorissae,
800 826 955 903 Vinariae,
986 825 1160 906 Magistros
1183 826 1315 890 novitia·

151 931 237 990 rum,
269 918 302 978 et
324 910 520 997 Oeconomae
548 913 623 996 eligi
652 913 796 989 valeant3
831 919 864 978 et
894 914 921 977 si
951 913 1071 979 electae
1102 912 1314 992 inveniantur,

151 999 247 1065 dicus
269 997 378 1065 officiis
401 1017 438 1064 eo
461 999 530 1081 ipso
552 1000 756 1066 renunciasse
771 1005 975 1076 censeantur3
998 999 1251 1080 quandoquidem
1274 1000 1316 1064 acl

151 1103 190 1151 ea
211 1087 338 1151 nonnisi
365 1103 445 1168 quae
475 1087 572 1151 vitam
604 1085 776 1168 perlectam
810 1104 1005 1152 communem
1027 1088 1209 1166 observant,
1240 1085 1316 1167 eligi

145 1178 314 1254 poterunt.
369 1173 566 1254 Sperandum
594 1179 702 1238 tamen
730 1179 780 1239 est
802 1173 1064 1240 Sanctimoniales
1093 1173 1316 1255 perfectiorem

150 1260 254 1327 vitam
275 1260 395 1326 lubenti
419 1261 524 1326 animo
539 1261 737 1342 amplexuros
751 1259 828 1340 fore,
852 1261 1054 1327 utlaxiorem
1075 1261 1201 1326 vivendi
1217 1261 1318 1326 ratio·

151 1365 225 1413 nam
249 1346 455 1428 abnegantes,
480 1366 560 1429 quae
582 1346 728 1413 coelestis
751 1347 865 1429 Sponsi
887 1353 971 1427 sunt,
994 1349 1084 1413 unice
1105 1354 1271 1428 quaerant

259 1433 349 1500 Haec
372 1434 475 1516 quoad
503 1434 678 1516 Religiosos
710 1435 794 1501 viros
825 1440 857 1500 et
879 1433 1141 1500 Sanctimoniales
1171 1433 1318 1501 uolumus

152 1525 187 1585 et
209 1521 414 1598 mandamus3
445 1521 580 1602 ideoque
602 1523 742 1604 graviter
772 1522 981 1604 praecipimus
1004 1521 1151 1587 omnibus
1172 1521 1318 1587 modara-

152 1607 276 1675 toribus
300 1606 523 1685 Generalibus,
559 1608 821 1687 Prouincialibus,
856 1607 1099 1686 commissoriis,
1129 1608 1316 1689 Abbetibus,

152 1692 325 1776 Prioribus,
356 1695 543 1761 Rectoribus
566 1699 599 1759 at
621 1694 813 1760 Guardianis
846 1695 1070 1778 quuscumque
1091 1696 1156 1760 sint
1179 1695 1316 1774 Ordinis,

152 1779 332 1858 Societatis,
357 1779 618 1863 Congregationis
642 1787 674 1847 et
688 1783 839 1862 Instituti,
863 1783 995 1863 ubisque
1018 1784 1060 1847 ad
1082 1799 1160 1863 quos
1183 1786 1316 1864 spectat,

152 1872 189 1932 ut
212 1870 350 1948 quaein
373 1869 434 1935 hac
464 1874 573 1935 nostra
597 1869 831 1935 Constitutione
855 1870 981 1935 decreta
1003 1874 1085 1950 sunt,
1116 1869 1318 1949 exequutioni

151 1954 247 2037 plene
271 1957 478 2034 committant,
507 1975 571 2022 uon
594 1957 798 2023 obstantibus
820 1957 959 2022 omnium
982 1962 1015 2021 et
1037 1955 1231 2038 singulorum
1254 1957 1318 2038 pri·

150 2041 275 2132 vilegiis
304 2048 338 2109 et
359 2042 490 2109 indultis
522 2045 580 2109 sub
614 2043 860 2125 quibuscumque
890 2041 1032 2109 formulis
1054 2043 1222 2108 verborum
1244 2062 1317 2109 con-

153 2130 264 2211 ceptis,
289 2131 385 2195 etianr
407 2131 585 2211 incorpore
603 2131 684 2213 juris
708 2130 839 2209 clausis;
861 2149 920 2196 nec
942 2149 1003 2196 non
1020 2129 1317 2210 constitutionibus,

136 2216 296 2296 statutis,
322 2223 355 2280 et
376 2216 495 2297 regulis
511 2221 607 2282 etiam
628 2218 751 2297 juratis,
775 2223 808 2283 et
822 2218 1008 2301 Apostolica
1029 2219 1220 2292 auctoritate
1243 2237 1317 2283 con-

152 2302 297 2383 firmatis,
315 2310 411 2384 atque
428 2305 524 2369 etiam
546 2305 828 2370 consuetudinibus
852 2307 994 2387 quamvis
1008 2304 1317 2388 immemorabilibus

150 2389 287 2471 aliisque
310 2391 478 2455 contrariis
502 2391 759 2472 quibuscumque,
1020 2418 1022 2422 ⁴

599 2839 635 2921 4.
680 2837 883 2923 SOHlllll

393 3011 736 3080 consuluerimus
761 3015 818 3079 on
843 3013 1076 3083 culusum.

261 3165 448 3233 claustralis
472 3169 512 3233 ob
527 3171 612 3234 vitae
629 3171 814 3250 custodiam,
839 3190 919 3252 quae
935 3173 1073 3253 regulari
1096 3173 1318 3240 observantiae

151 3259 203 3318 est
225 3272 426 3336 summopere
440 3257 627 3335 necessaria,
646 3259 825 3338 canonibus,
843 3259 1059 3324 sanctionibus
1075 3267 1107 3324 et
1122 3278 1316 3326 summorum

151 3338 342 3406 Pontificum
371 3343 645 3408 constitutionibus
672 3363 734 3409 non
768 3347 861 3411 modo
890 3346 1052 3411 clausurae
1081 3346 1131 3412 lex
1159 3348 1316 3429 religiosis

152 3428 297 3492 domibus
312 3429 517 3510 Regularium
533 3432 698 3512 utriusque
721 3449 813 3496 sexus
835 3433 956 3498 indicta
972 3439 1030 3511 est,
1054 3433 1111 3498 sed
1133 3433 1197 3498 alia
1221 3437 1317 3501 etiam

151 3515 385 3596 sapientissime
413 3517 597 3595 constituta,
631 3536 712 3598 quae
742 3517 784 3582 ad
817 3519 919 3600 ipsius
948 3518 1114 3585 clausurae
1142 3520 1260 3585 bonum
1284 3527 1317 3587 et

152 3602 424 3667 conservationem
447 3604 711 3685 quamplurimum
735 3605 910 3671 conferunt.
946 3605 1082 3670 Cautum
1105 3625 1241 3689 namque
1257 3615 1316 3688 est,

151 3707 193 3753 ne
216 3688 368 3770 Religiosi
392 3708 429 3753 ex
452 3691 548 3755 nimie
578 3692 618 3755 ad
641 3692 781 3756 claustra
803 3692 964 3758 hominum
986 3692 1171 3774 frequentia,
1201 3713 1221 3759 a
1242 3696 1316 3761 soli-

151 3775 273 3840 tudinis
296 3777 400 3857 quiete
435 3795 504 3840 curn
535 3796 649 3856 magna
673 3780 824 3860 temporis
849 3779 985 3859 jactura,
1018 3780 1150 3845 aliorum
1179 3782 1315 3846 admira-

151 3865 250 3942 tione,
275 3881 312 3926 ac
333 3864 475 3945 periculo
490 3867 745 3944 transgrediendi
768 3866 912 3946 regulam
928 3869 1146 3932 exturbantur:
1170 3887 1228 3933 nec
1252 3886 1315 3933 non

152 3951 200 4014 eis
223 3951 365 4029 vetitum,
389 3969 428 4014 ne
453 3968 489 4014 ex
513 3952 579 4015 suis
595 3951 810 4018 Conventibus
832 3954 952 4034 absque
975 3955 1145 4035 superioris
1167 3956 1259 4019 venia
1282 3963 1315 4020 et

151 4039 221 4101 siue
256 4039 340 4101 socio
378 4038 588 4117 egrediantur.
646 4038 942 4104 sanctimonialibus
980 4058 1104 4121 quoque
1137 4042 1314 4107 consultum

151 4129 213 4204 est,
238 4131 274 4187 ut
297 4125 337 4188 ob
361 4125 486 4189 crebros
510 4134 729 4190 extranearum
753 4144 956 4207 personarum
981 4127 1022 4190 ad
1045 4133 1146 4191 crates
1169 4147 1317 4194 accessus

150 4211 240 4276 haud
262 4215 382 4276 temere
417 4212 573 4277 occasioni
602 4230 622 4276 a
643 4214 733 4277 r'ecto
755 4211 956 4293 perfectionis
988 4215 1114 4278 tramite
1137 4215 1316 4281 declinandi

148 4317 187 4365 se
213 4297 383 4380 objiciant;
406 4299 577 4363 verendum
595 4318 666 4364 cum
689 4301 738 4378 sit,
763 4318 803 4364 ne
825 4318 865 4363 ex
886 4298 1093 4366 familiaribus
1113 4320 1184 4369 cum
1207 4303 1314 4383 hunus·

207 4418 332 4466 Martin,
348 4419 502 4459 Documenta.
531 4418 591 4459 Eclit.
607 4419 636 4460 ll.
1173 4408 1206 4457 16
