2954 4936
169 325 233 386 210
667 341 835 390 eosrunnra

168 479 283 542 cesium
306 479 356 544 vel
383 481 535 546 Ordinum
559 481 778 562 Regularium,
814 487 985 546 teneantur
1012 501 1128 546 nonam
1159 483 1329 549 lectionem

168 566 302 642 recitare
325 567 357 630 in
380 569 549 647 matutino,
580 569 612 631 in
636 587 737 649 eoque
759 575 792 632 et
814 569 847 631 in
870 567 968 632 Missa
996 571 1328 636 commemorationem

166 651 279 733 facere,
303 653 495 735 Missamque
517 654 616 719 solam
639 655 808 720 solemnem
831 657 864 718 in
887 654 938 720 die
961 657 1150 721 concedatur
1173 657 1329 723 celebrari

167 739 206 803 de
229 741 366 822 proprio.
404 742 473 806 Hoc
496 748 611 820 votum,
636 760 693 824 pro
717 761 775 819 me,
800 744 830 806 in
854 740 996 807 Ecclesia
1019 750 1104 808 esset
1126 744 1328 824 explendum.

272 827 487 909 Veruntamen
510 829 588 894 haec
601 828 749 910 praetuli,
773 847 836 894 non
858 836 894 893 ut
910 830 1027 909 doctor,
1051 831 1107 896 sed
1129 838 1165 896 ut
1182 831 1328 898 docibilis

166 911 327 978 Ecclesiae
356 913 455 993 filma,
490 935 527 981 ac
550 935 607 998 pro
640 934 702 980 non
725 916 810 981 dicto
833 916 949 996 habeo,
982 918 1154 999 haberique
1179 919 1268 998 volo,
1301 922 1328 985 si

165 998 300 1064 fortasse
322 1020 385 1066 non
408 1008 493 1068 esset
515 1003 681 1068 dicendum
703 1002 754 1068 vel
777 1003 984 1084 probandum.

547 1140 608 1206 Fr.
630 1142 778 1221 Ropbael
800 1143 901 1208 Iliaco
924 1142 1088 1209 Generalis
1111 1143 1283 1212 Mmorum.

269 1280 342 1346 Dat.
376 1282 494 1345 Romae
528 1299 567 1345 ex
600 1280 696 1347 Conv.
733 1281 763 1346 S.
792 1281 938 1346 Andreae
974 1282 1149 1347 defractis
1184 1283 1246 1347 hac
1277 1285 1329 1349 die

167 1371 217 1430 30.
240 1366 384 1431 Januarii
409 1373 503 1434 1870.
922 1383 925 1387 ’

531 1765 600 1847 rs.
639 1727 944 1848 rosconmon

319 1919 628 1988 SANCTISSIMUNI
650 1921 801 1986 NOMEN
822 1921 926 2006 JESU
947 1921 1165 1988 ATTINENS.

560 2112 765 2179 Venerabiles
788 2113 920 2179 Patres!

271 2255 335 2332 „Ex
359 2271 420 2332 quo
444 2253 544 2333 elapsi
567 2253 637 2316 aevi
667 2251 812 2329 stultitia,
836 2252 1052 2334 philosophiae
1076 2256 1203 2319 nomine
1226 2261 1322 2334 tecta,

163 2340 316 2422 sacrilego
346 2341 483 2405 cr'ocitu:
521 2339 693 2404 Detraxisea
724 2339 879 2418 l'c'nfbme,
915 2338 1032 2404 SSmae
1064 2339 1169 2408 JESU
1203 2340 1322 2408 Christi

161 2427 322 2494 Ecclesiae
345 2425 499 2492 nefarium
530 2426 643 2491 indixit
670 2425 802 2505 bellum,
833 2425 920 2490 iacta
949 2430 1116 2508 estsuper
1140 2446 1197 2492 nos
1220 2429 1322 2512 iudig-

160 2515 247 2581 natio
270 2515 405 2593 Domini,
437 2515 491 2596 qui
514 2513 628 2578 exemit
650 2513 788 2593 gladium
811 2514 879 2577 irae
901 2530 986 2589 suae,
1018 2512 1106 2578 illum
1129 2533 1194 2580 non
1218 2517 1320 2582 dimis-

161 2620 253 2669 surus
282 2602 382 2666 donec
412 2597 598 2665 admirabile
625 2599 748 2664 Nomen
778 2599 940 2681 Unigeniti
962 2599 1036 2665 Filii
1065 2603 1115 2666 sui
1145 2604 1320 2669 omnimode

160 2687 352 2755 clarificetur
373 2689 406 2752 in
428 2688 527 2767 nobis,
559 2687 657 2752 donec
679 2686 854 2752 formentur
876 2687 972 2751 electi
994 2687 1071 2769 ejus
1105 2689 1214 2769 quiin
1239 2691 1320 2755 fron·

159 2777 246 2842 tibus
268 2777 333 2840 suis
365 2772 523 2840 ineffabile
545 2772 649 2840 Jusu
675 2773 797 2838 Nomen
828 2779 859 2837 et
882 2772 1004 2838 Nomen
1032 2774 1137 2840 Patris
1169 2777 1241 2859 ejus
1268 2795 1318 2859 ge-

158 2868 298 2941 stantes,
332 2863 406 2943 lpso
442 2860 570 2926 Summo
599 2861 659 2926 Dei
682 2861 787 2925 Verba
826 2860 917 2925 dulce
951 2879 988 2925 ac
1015 2880 1131 2927 novum
1162 2865 1316 2930 canticum

161 2951 201 3015 de
223 2952 377 3014 romant.“

201 2970 222 3032 p
264 3036 335 3101 Jam
358 3054 397 3099 ex
418 3040 467 3100 tot
489 3036 591 3115 annis,
605 3034 809 3100 Venerabiles
828 3034 949 3112 Patres
973 3053 1032 3116 ego
1055 3037 1102 3100 ita
1123 3035 1319 3118 loquebar,1)

158 3125 285 3204 quaudo
309 3123 350 3187 ad
372 3122 571 3204 repellendas
594 3123 749 3203 procellas
772 3123 804 3185 in
819 3121 908 3185 Petri
930 3121 1109 3186 naviculam
1133 3125 1315 3200 saevientes,

160 3229 219 3276 nec
248 3229 310 3274 non
333 3209 375 3273 ad
407 3211 530 3274 litteras
559 3214 591 3272 et
613 3211 777 3285 scientias,
810 3209 1004 3273 multimodis
1028 3210 1216 3290 deturpatas
1244 3210 1319 3276 stul·

158 3298 247 3375 titiis,
270 3297 504 3378 expurgandas,
536 3315 574 3361 ac
597 3314 679 3359 nova
701 3294 770 3359 luce
800 3312 942 3375 novaque
965 3295 1066 3376 gloria
1097 3296 1318 3375 bone-standan,

158 3383 370 3463 Academiam,
401 3383 468 3448 Deo
493 3382 674 3466 adjuvante,
706 3383 872 3446 instituere
895 3382 1106 3463 aggrediebar
1129 3385 1189 3449 sub
1212 3383 1319 3449 ineffa-

158 3471 231 3536 bilis
269 3471 527 3551 sanctissimique
559 3469 700 3534 Nominis
734 3467 838 3534 JESU
875 3469 1033 3550 praesidio
1072 3467 1254 3536 firmissimo
1285 3489 1319 3536 ac

159 3558 269 3622 tutela.
320 3556 369 3620 Ex
391 3565 467 3622 tunc
491 3558 587 3635 enim,
618 3555 824 3620 Venerabiles
847 3554 971 3632 Patres,
1004 3556 1100 3620 etiam
1125 3575 1164 3620 ex
1186 3563 1266 3623 tunc
1288 3559 1319 3622 in

156 3645 369 3710 amaritudine
393 3645 497 3709 cordis
527 3650 648 3707 terram
672 3648 816 3724 opertam
839 3642 985 3706 videbam
1012 3660 1157 3707 errorum
1180 3646 1319 3710 omnium

63 3797 66 3802 .
155 3739 253 3812 atque
276 3731 542 3812 blasphemiarum
558 3729 700 3805 colluvie,
725 3749 805 3810 quae
828 3730 1004 3793 insaniente
1019 3729 1133 3810 pelago
1156 3733 1318 3812 ventisque

156 3817 386 3896 saevientibus,
422 3819 517 3881 etiam
544 3816 652 3881 italam
680 3822 807 3897 gentem
840 3817 872 3878 in
906 3815 1080 3898 procellam
1114 3818 1318 3882 tenebrarum

159 3976 370 3990 *-

267 4045 289 4112 1)
309 4043 443 4098 Servatur
462 4043 489 4094 in
507 4042 645 4096 Archiviis
669 4040 770 4094 Sacrae
789 4041 901 4093 Ritunm
921 4040 1151 4109 Congregationis
1170 4044 1330 4109 postulatio·

158 4129 239 4181 quam
267 4114 332 4167 olim
350 4114 456 4167 Auctor
481 4111 623 4166 deferebat
646 4111 763 4163 Domino
783 4110 916 4177 Gregorio
942 4110 995 4167 ΡΡ.
1023 4112 1137 4166 Decimo
1162 4111 1246 4167 Sexto
1269 4129 1340 4180 prr»

158 4198 229 4237 nova
248 4183 423 4236 Praefatione
441 4183 469 4234 in
488 4182 577 4234 Missa
597 4179 644 4236 SS.
663 4180 789 4234 Nominis
814 4179 904 4233 JESU
929 4179 1122 4248 adprobanda:
1148 4197 1203 4248 qua
1225 4189 1344 4250 postu*

158 4253 258 4307 latione
277 4252 367 4318 excipi
381 4251 525 4319 petebatur
544 4249 591 4304 SS.
604 4249 709 4303 Nomen
728 4265 745 4302 a
763 4249 890 4316 generica
909 4265 1003 4304 norma
1021 4266 1037 4305 a
1056 4249 1083 4305 S.
1102 4251 1135 4304 R.
1155 4251 1185 4308 0.
1204 4259 1341 4320 accepta

157 4337 243 4376 novas
255 4320 449 4388 ,praelationes
467 4320 539 4376 ultro
559 4337 613 4375 non
634 4319 807 4374 concedendi.
