2946 4942
223 275 286 336 134
574 287 731 336 sesanam
755 288 1013 337 consuranorum

222 446 309 508 care,
323 429 347 511 ¹)
381 428 620 493 Examinatores
655 426 874 509 approbandos
911 446 1102 508 proponere,
1120 432 1144 505 ²)
1180 435 1212 493 et
1252 429 1386 496 Judiees

222 515 395 598 Synodales
426 517 519 598 juxta
549 515 779 580 ecclesiasticas
813 515 940 596 regulas
976 515 1196 596 designarefl).
1243 516 1385 600 Expedit

220 605 350 684 insuper
372 621 480 667 eorum
503 621 585 684 quae
608 603 684 668 alias
720 604 842 667 sancita
872 602 988 666 fuerint
1015 604 1203 683 quandoque
1226 607 1384 671 executio-

221 708 295 754 nem
317 709 439 772 urgere,
470 708 567 754 novas
583 691 664 754 item
697 690 938 755 constitutiones
962 691 1068 769 edere,
1093 693 1207 772 quibus
1231 695 1387 774 antiquae

221 779 308 859 leges
332 779 590 856 communiuntur,
615 780 764 857 novisque
787 779 906 842 obortis
929 778 1020 842 malis
1036 797 1118 843 nova
1133 779 1273 843 remedia
1289 799 1385 861 prae-

222 868 416 944 scribantur,
448 883 485 929 ac
521 866 655 946 denique
685 883 722 928 ea
752 867 856 929 omnia
885 883 967 945 quae
1001 867 1041 929 ad
1069 869 1186 935 rectius
1220 867 1386 933 Dioeeesis

220 954 362 1036 regimen
396 954 574 1034 pertinent,
607 957 783 1033 opportuno
815 953 989 1033 providere.
1047 953 1265 1035 Quapropter,
1291 973 1386 1021 sacro

221 1044 418 1122 approbante
441 1039 588 1119 Concilio,
614 1042 778 1104 canonicas
802 1041 1002 1119 sanctiones,
1027 1059 1064 1105 ac
1088 1043 1273 1106 nominatim
1299 1041 1387 1108 Gon-

221 1128 286 1192 eilii
307 1128 483 1192 Tridentini
506 1129 676 1192 Decretum
711 1128 750 1190 de
775 1127 960 1209 ‚hujusmodi
984 1130 1124 1193 coetibus
1148 1129 1386 1211 celebrandis4)

221 1213 358 1280 fideliter
380 1217 419 1279 ab
444 1216 587 1279 omnibus
611 1216 731 1278 servari
753 1216 971 1296 praecipimus.

326 1303 395 1380 Quo
423 1308 530 1366 tamen
563 1304 755 1367 commodius
783 1302 856 1366 huic
889 1302 1071 1382 obligationi
1102 1301 1249 1368 satisfieri
1270 1307 1389 1387 possit,

221 1390 363 1472 quolibet
386 1390 499 1455 saltem
523 1391 657 1454 triennio
683 1390 902 1454 dioecesanam
926 1389 1084 1471 Synodum
1112 1391 1291 1456 habendam
1316 1401 1387 1459 sta-

221 1479 347 1543 tuimus.
387 1477 420 1542 Si
442 1495 517 1541 vero
539 1477 714 1557 legitimum
737 1478 995 1557 impedimentum
1018 1477 1123 1542 forsan
1147 1481 1317 1560 obstiterit,
1343 1483 1390 1546 ab

220 1567 404 1646 Apostolioa
426 1564 506 1629 Sede
531 1583 669 1645 congrua
691 1566 829 1645 provisio
852 1565 1039 1645 postuletur.

686 1824 822 1891 CAPUT
848 1827 914 1890 Vll.

602 1948 653 2012 Dc
682 1948 810 2013 Vicurio
835 1947 997 2014 ueterani.

327 2090 436 2171 Magni
456 2090 608 2154 momenti
623 2091 653 2153 in
669 2088 836 2153 universae
852 2090 1013 2154 Dioecesis
1029 2093 1162 2170 negotiis
1179 2092 1389 2173 expediendis

220 2184 271 2243 cst
294 2179 409 2242 Vinarii
434 2177 592 2258 generalis
616 2174 760 2240 officinm.
807 2178 899 2255 Quod
922 2178 1048 2257 quidem
1071 2183 1108 2242 ut
1123 2178 1290 2260 Episcopis
1305 2199 1383 2244 vere

221 2266 293 2330 usui
315 2283 383 2329 esse
406 2266 507 2345 possit
531 2271 564 2329 et
588 2263 713 2341 auxilio,
738 2281 826 2327 sacro
851 2267 1047 2346 approbante
1063 2266 1211 2346 Concilio,
1234 2266 1387 2331 volumus

221 2372 259 2419 ae
283 2352 489 2430 decernimus,
512 2358 549 2416 ut
572 2352 649 2415 illud
673 2351 892 2416 ecclesiasticis
915 2353 989 2416 viris
1014 2351 1175 2418 deferatur
1198 2372 1261 2418 non
1281 2355 1385 2419 mino-

221 2443 309 2507 ribus
333 2441 423 2505 annis
446 2441 587 2520 triginta,
611 2440 697 2503 etin
718 2439 790 2520 jure
813 2439 926 2503 saltem
950 2443 1099 2504 canonico
1125 2443 1314 2525 doctoribus
1331 2442 1385 2506 vel

159 2536 161 2540 ’
221 2529 300 2594 alias
331 2535 483 2609 quantum
514 2527 582 2592 fieri
615 2527 733 2608 poterit
765 2526 902 2604 idoneis3
931 2529 984 2608 qui
1015 2533 1182 2609 praeterea
1211 2529 1381 2615 probitate,

221 2617 404 2698 prudentia,
435 2633 472 2680 ac
505 2633 611 2679 rerum
634 2614 841 2695 gerendarum
864 2615 980 2694 peritia
1003 2617 1270 2680 commendentur.
1319 2618 1382 2681 Ex·

220 2704 309 2785 pedit
341 2704 436 2768 etiam
468 2708 504 2766 ut
526 2702 715 2767 sacerdotali
739 2702 802 2766 sint
826 2702 1009 2766 charactere
1031 2704 1185 2783 insigniti,
1209 2721 1272 2784 quo
1296 2705 1385 2786 apud

221 2808 275 2855 eos
298 2793 411 2871 quibus
434 2792 553 2854 vicaria
574 2790 797 2871 procuratione
821 2798 975 2869 praesunt
1003 2808 1074 2854 cum
1096 2790 1224 2856 virtutis
1247 2809 1285 2856 ac
1307 2791 1388 2857 doc·

221 2880 324 2943 trinae
347 2878 502 2958 opinione,
527 2882 594 2940 turn
618 2879 736 2958 gradus
760 2879 949 2941 auctoritate
982 2878 1118 2942 valeant.
1163 2879 1206 2943 Et
1229 2879 1304 2958 quia
1328 2897 1385 2944 nc-

223 2983 311 3030 cesse
347 2971 397 3030 est
428 2970 465 3030 ut
500 2984 518 3029 a
543 2965 601 3028 lori
623 2964 739 3027 interni
763 2965 935 3028 ministerio
960 2967 1061 3028 omnis
1084 2965 1221 3046 pellatur
1243 2968 1385 3047 suspicio

222 3054 307 3135 quod
329 3053 371 3117 ad
395 3053 515 3118 externi
538 3051 597 3118 fori
613 3054 713 3133 possit
730 3051 872 3115 adhiberi
895 3053 1029 3132 negotia,
1052 3071 1111 3117 nco
1133 3053 1387 3134 permittendum

221 3143 265 3206 sit
294 3148 330 3206 ut
360 3160 379 3205 a
410 3159 466 3205 suo
494 3158 624 3204 munere
650 3140 806 3221 quispiam
830 3140 1013 3218 abducatur,
1037 3141 1069 3203 in
1093 3140 1176 3220 quod
1199 3140 1385 3205 incumbere

221 3233 307 3294 totus
338 3229 449 3309 debet,
478 3233 646 3309 propterea
673 3227 822 3308 Episcopi
850 3228 1006 3291 canonicis
1029 3228 1300 3307 poenitentiariis
1326 3247 1385 3311 pa-

220 3316 338 3394 rochis,
374 3318 548 3394 ceterisque
578 3333 685 3380 euram
714 3316 890 3379 animarum
920 3314 1126 3392 habentibus,
1151 3317 1300 3395 itemque,
1327 3317 1385 3380 ob-

220 3403 420 3468 trectationis
443 3403 593 3466 vitandae
617 3421 721 3482 causa,
746 3403 811 3466 suis
834 3399 984 3467 iratribus
1009 3407 1065 3465 aut
1080 3402 1246 3483 nepotibus
1263 3402 1388 3469 Vicarii

221 3491 378 3573 generalis
407 3508 520 3554 munus
544 3508 606 3554 non
630 3491 838 3556 committant.
885 3489 1006 3566 Quibus
1030 3508 1104 3554 vero
1127 3491 1160 3553 in
1177 3489 1385 3556 Dioecesibus

222 3578 329 3660 plures
352 3578 470 3643 Vinarii
500 3578 665 3659 generales
693 3577 838 3657 deputari
860 3577 977 3655 solent,
1001 3577 1033 3641 hi
1056 3594 1222 3641 numerum
1245 3576 1386 3643 duorum

222 3665 273 3730 vel
294 3666 389 3730 trium
411 3683 473 3730 non
498 3665 660 3745 excedant,
685 3682 853 3745 omnesque
876 3665 909 3727 in
932 3664 1068 3728 solidum
1092 3682 1148 3728 seu
1170 3682 1272 3744 aeque
1293 3668 1386 3746 prin-

222 3753 366 3834 cipaliter
390 3755 631 3831 constituantur,
655 3772 694 3817 nc
717 3752 798 3817 forte
821 3770 902 3832 quae
921 3753 961 3816 ab
982 3770 1091 3815 eorum
1107 3751 1238 3832 singulis
1254 3755 1388 3833 provisa

221 3913 401 3921 --...------

332 4015 354 4083 ¹)
375 4014 454 4068 Cone.
476 4015 602 4070 Lateran.
623 4013 668 4065 lV.
688 4013 706 4070 l.
725 4029 747 4070 c.

269 4099 273 4108 ’
329 4085 349 4144 2)
369 4087 449 4141 donc.
469 4084 543 4138 Trid.
563 4085 635 4140 Sese.
654 4087 695 4136 24.
716 4083 780 4164 Cap.
802 4085 842 4164 ¹⁸:
862 4082 895 4135 de
914 4080 975 4136 Rei.
1062 4153 1067 4163 ι

329 4155 352 4222 ³)
372 4155 436 4222 Gap.
460 4155 598 4208 Statutnm
618 4154 659 4206 De
678 4154 814 4251 Rescript.
833 4169 860 4204 rn
879 4154 904 4206 6.
923 4153 1002 4206 Cone.
1022 4151 1096 4205 Trid.
1115 4151 1186 4204 Sess
1199 4154 1242 4205 25.
1257 4151 1325 4220 Cap.
1338 4157 1393 4212 10.

223 4221 256 4276 ‘¹⁰
275 4223 1021 4361 R⁶f2>¹³dlld¹lil⁰dlltlillis).²2⁶?alliud*
