2946 4942
153 330 220 401 ,ᾗτε
655 342 823 392 cosmam

151 482 380 564 impedimenta
402 481 551 546 canonica
572 479 734 560 formaque
757 498 777 545 a
800 477 939 544 Concilio
961 479 1145 546 Tridentino
1168 499 1230 563 pro
1254 499 1324 545 ma·

156 570 304 642 triuronio
326 568 541 634 contrahendo
563 567 760 650 praescripta
781 584 839 647 per
861 567 989 632 easdem
1010 568 1099 651 leges
1121 568 1232 634 civiles
1256 587 1323 633 non

157 657 293 740 amplius
323 660 547 738 agnoscuntur,
582 654 717 736 plurima
752 655 908 719 connubia
940 655 1056 737 ubique
1089 653 1155 721 fere
1189 661 1321 722 contra·

156 744 283 822 huntur,
312 762 394 824 quae
417 761 455 808 ex
473 744 546 824 jure
568 742 715 807 canonico
738 741 826 804 nulla
849 747 923 806 sunt
945 742 1116 821 censenda,
1146 748 1181 808 et
1202 743 1321 809 exinde

155 837 287 912 peccata
308 837 404 910 atque
425 831 599 893 animarum
621 829 760 911 pericula
783 834 933 894 aeternae
956 829 1069 894 salutis
1092 831 1262 895 innumera
1287 838 1322 894 et

156 918 346 1000 gravissima
367 917 566 998 proveniunt.

261 1022 430 1087 haeterea
462 1021 681 1085 commercium
709 1019 868 1085 bominum
901 1026 998 1101 atoue
1029 1023 1192 1086 nationum
1219 1023 1321 1087 etiam

156 1111 290 1174 maxime
312 1110 395 1173 iuter
409 1126 443 1173 se
458 1109 639 1172 dissitamm
654 1126 713 1171 nec
728 1125 791 1172 non
815 1106 961 1171 domicilii
979 1109 1046 1173 sive
1061 1111 1322 1174 commorationis

155 1197 334 1262 immutatio
356 1194 625 1277 frequentissima,
658 1212 738 1275 quae
767 1195 916 1259 moderno
939 1201 1081 1277 tempore
1111 1196 1227 1278 ubique
1252 1194 1323 1262 iere

155 1285 308 1365 pristinae
337 1282 564 1348 immobilitatis
595 1287 627 1346 et
658 1282 842 1347 stabilitatis
871 1281 974 1347 locum
1005 1283 1227 1363 obtinuerunt,
1264 1285 1322 1349 im·

153 1372 406 1454 pedimentornm
429 1370 620 1434 matrimonii
642 1369 879 1450 indagationem
899 1369 992 1434 valde
1008 1368 1169 1436 difficilem
1194 1389 1322 1436 eorum·

154 1477 218 1540 que
249 1458 496 1522 imminutionem
530 1456 664 1521 maxime
698 1457 907 1521 necessariam
941 1457 1087 1522 reddunt.
1139 1457 1323 1539 Propterea

155 1546 307 1626 petimus:

261 1635 293 1715 a)
332 1639 368 1695 ut
410 1631 666 1712 impedimentum
704 1632 809 1711 quarti
846 1632 965 1711 gradus
1003 1634 1321 1713 consanguineitatis,

155 1720 260 1802 quarti
282 1737 357 1783 vero
380 1727 414 1783 et
440 1719 525 1783 tertii
547 1716 710 1783 affinitatis
733 1737 771 1782 ex
802 1719 915 1798 copula
936 1719 1025 1783 licitu
1055 1725 1144 1784 ortae
1170 1738 1230 1785 uec
1255 1739 1321 1785 nou

157 1807 352 1888 cognationis
385 1805 557 1888 spiritualis
592 1812 624 1869 et
658 1804 801 1887 publicae
835 1805 1010 1872 honestatis
1043 1824 1082 1870 ex
1114 1807 1322 1888 sponsalibus

101 1950 104 1955 .
155 1894 369 1976 provenientis
397 1899 493 1973 atque
527 1889 690 1958 affinitatis
724 1912 762 1956 ex
785 1893 898 1974 copula
928 1893 1038 1958 illicita
1068 1893 1154 1959 ultra
1176 1894 1321 1976 primum

154 1981 286 2062 gradum
317 1986 351 2045 et
375 1980 514 2045 criminis
544 1999 581 2045 ex
612 1980 679 2045 solo
701 1980 857 2045 adulterio
889 1980 1009 2061 absque
1032 1981 1244 2063 conjugicidio
1270 1983 1322 2047 vel

154 2071 254 2152 ipsius
277 2067 509 2132 machinatione
532 2070 716 2148 proveniens
739 2068 928 2150 abrogetur3

261 2173 294 2254 b)
326 2179 363 2237 ut
391 2172 557 2253 Episcopis
591 2174 781 2237 concedatur
814 2171 948 2237 facultas
982 2173 1185 2255 dispensandi
1219 2191 1325 2254 super

154 2260 257 2412 ggadu
294 2260 389 2323 tertio
428 2264 461 2323 et
498 2265 614 2340 quarto
645 2259 743 2325 mixto
771 2260 906 2325 secundo
936 2260 1247 2353 consanguineitgtis
1288 2272 1323 2325 et

154 2365 172 2410 a
207 2347 331 2426 nitatis;
972 2415 976 2421 ,

259 2435 289 2518 c)
322 2440 358 2498 ut
392 2434 583 2516 dispensatio
617 2436 681 2499 sive
715 2433 850 2499 facultas
885 2435 1086 2517 dispensandi
1120 2454 1140 2499 a
1167 2434 1202 2501 S.
1233 2433 1321 2499 Sede

153 2521 336 2603 Apostolica
362 2522 524 2602 impertita
557 2540 621 2587 non
652 2522 787 2603 amplius
818 2542 876 2604 per
903 2522 1049 2605 copulam
1082 2523 1242 2587 reticitam
1265 2520 1319 2586 vel

152 2615 315 2692 patratam
337 2608 388 2672 vel
411 2610 561 2674 iteratam
591 2615 665 2689 post
687 2611 801 2675 missas
830 2628 940 2690 preces
962 2616 1111 2692 tanquam
1133 2609 1223 2674 nulla
1244 2609 1321 2674 red·

153 2695 222 2762 dita
244 2695 408 2775 habeatur,
430 2698 506 2778 quia
528 2696 640 2761 exinde
662 2697 844 2778 saepissime
859 2699 1061 2763 matrimonia
1083 2697 1316 2762 contrabuntur

152 2782 301 2849 invalida.
355 2780 434 2847 Cum
468 2781 619 2848 Oratores
642 2782 724 2848 falsa
756 2785 947 2850 verecundia
977 2785 1099 2850 seducti
1126 2789 1183 2849 aut
1217 2801 1315 2850 novas

154 2867 355 2934 difficultates
387 2870 535 2935 timentes
572 2889 681 2935 verum
716 2873 926 2937 conscientiae
963 2877 1083 2937 statum
1116 2891 1180 2936 non
1216 2873 1315 2936 mani·

153 2955 278 3036 scatent,
302 2957 437 3022 manime
453 2956 694 3023 desiderandum
711 2964 769 3036 est,
793 2965 830 3023 ut
844 2960 1063 3041 nupturientes
1079 2977 1141 3024 non
1157 2966 1315 3041 cogantur

153 3063 193 3111 ea
214 3042 423 3126 manifestare,
447 3063 528 3127 quae
551 3045 593 3110 ad
615 3047 778 3128 propriam
800 3047 1027 3128 turpitudinem
1050 3052 1208 3128 spectant.

258 3149 292 3233 d)
315 3149 451 3229 Petitur,
483 3155 520 3214 ut
542 3150 681 3215 conditio
705 3168 761 3214 seu
785 3150 943 3231 obligatio,
971 3152 1103 3217 alteram
1125 3155 1251 3232 partem
1275 3151 1312 3215 de

151 3237 344 3302 matrimonii
366 3237 513 3303 nullitate
536 3238 703 3302 certiorem
725 3239 893 3319 reddendi,
923 3258 1004 3321 quae
1026 3238 1233 3304 facultatibus
1256 3255 1313 3320 pro

152 3324 345 3389 matrimonii
368 3324 595 3390 revalidatione
610 3326 796 3390 necessariis
820 3328 936 3408 apponi
950 3327 1041 3406 solet,
1065 3326 1152 3390 iniis
1175 3326 1317 3403 casibus,

153 3411 186 3474 in
208 3411 322 3491 quibus
346 3429 442 3476 cansa
464 3412 619 3476 nullitatis
648 3413 772 3477 occulta
794 3421 843 3478 est
865 3421 897 3477 et
931 3414 1024 3478 alteri
1046 3415 1132 3497 parti
1154 3411 1312 3479 notificari

152 3516 216 3563 non
238 3504 345 3578 potest
376 3499 443 3563 sine
465 3500 621 3578 scandalo,
652 3499 702 3563 vel
725 3500 929 3579 modificetur,
958 3501 1009 3567 vel
1030 3501 1245 3583 permittatur,
1278 3507 1313 3564 ut

152 3586 314 3651 renovatio
338 3604 506 3651 consensus
529 3587 767 3652 matrimonialis
791 3589 1007 3652 conditionata
1029 3607 1066 3653 eo
1093 3589 1194 3666 modo,
1220 3605 1312 3669 quem

153 3673 386 3738 commendavit
407 3673 599 3738 Benedictus
621 3674 705 3738 XIV.
729 3674 817 3754 Papa
839 3674 889 3740 fel.
914 3676 1080 3756 recordat,
1110 3673 1177 3738 fieri
1200 3676 1311 3757 possit,

153 3760 228 3841 quia
256 3760 334 3824 alias
365 3762 569 3842 grauissimae
602 3779 727 3842 semper
750 3761 955 3827 difficultates
984 3763 1155 3828 obveniunt
1181 3763 1216 3826 in
1244 3781 1311 3827 exe-

149 3846 278 3929 ·quenda
298 3847 477 3930 hujusmodi
499 3847 660 3916 facultate.

259 3953 291 4038 e)
315 3952 448 4031 Petitur,
472 3960 508 4016 ut
529 3951 695 4036 Episcopis
718 3953 916 4034 facultatum,
940 3955 1052 4035 quibus
1074 3954 1226 4037 gaudent,
1250 3954 1311 4018 dis·

152 4041 305 4118 pensandi
327 4059 422 4123 super
453 4041 646 4106 matrimonii
666 4041 913 4122 impedimentis,
943 4061 1021 4108 usus
1043 4043 1088 4106 ita
1110 4043 1311 4118 concedatur,

153 4133 309 4205 quatenns
341 4128 600 4193 concurrentibus
631 4147 754 4210 quoque
776 4129 919 4210 pluribus
946 4131 1177 4211 impedimentis
1200 4129 1311 4194 iisdem

152 4211 221 4279 siue
243 4214 338 4279 dubio
360 4215 446 4281 licite
469 4234 506 4280 ac
526 4215 630 4282 valide
653 4217 699 4281 uti
721 4217 854 4300 possint.
883 4282 887 4288 s

257 4317 440 4402 ilPetitur,
468 4326 508 4386 ut
526 4321 561 4389 iu
584 4318 782 4388 verificares
811 4321 1079 4401 dispensationum
1102 4322 1228 4390 motivis
1250 4337 1309 4383 non
