2946 4942
573 331 613 378 un
637 330 732 379 nunus
756 330 945 391 mouturam.

530 571 583 638 De
600 577 761 652 potestate
781 573 955 640 soccatort.

271 695 402 761 Placeat
424 693 566 761 Concilio
589 695 745 761 Vaticano
768 695 934 762 declarare
956 713 1038 778 quse
1059 701 1252 779 sequuntur:

276 785 307 848 1.
340 781 485 847 Potestas
508 781 681 848 saecularis
703 782 858 865 originem
881 802 901 848 a
923 783 991 849 Deo
1014 782 1127 863 habet,
1153 783 1229 848 licet
1249 781 1330 849 indi·

164 873 266 948 recte3
289 870 336 935 ita
358 874 394 934 ut
416 870 513 949 stiam
534 887 554 934 a
577 868 692 950 populo
716 869 808 936 electi
831 887 922 953 reges
948 873 1021 955 jure
1051 871 1155 935 divino
1184 875 1328 953 regnent.

273 965 304 1023 2.
338 955 440 1038 Leges
474 955 582 1022 civiles
615 956 677 1038 legi
704 957 862 1038 naturali,
894 956 1018 1024 divinae
1041 964 1075 1022 et
1096 956 1328 1024 ecclesiasticae

164 1061 229 1109 uon
259 1043 492 1124 contradicant,
518 1043 576 1109 sed
599 1041 855 1128 conformentur3
880 1063 970 1111 secus
992 1043 1151 1111 invalidae
1173 1050 1247 1110 suut
1268 1063 1328 1112 nec

144 1131 392 1212 ¹conscientiam
417 1130 571 1212 obligant.

272 1224 301 1284 3.
334 1217 483 1284 Potestas
506 1217 678 1284 saecularis
701 1219 855 1301 potestati
878 1217 1112 1284 ecclesiasticae
1127 1219 1259 1301 eiusque
1281 1218 1327 1284 in·

163 1306 288 1373 utitatis
310 1309 344 1371 et
365 1304 489 1388 legibus
511 1307 739 1387 protectionem
762 1311 795 1373 et
817 1304 991 1373 subsidium
1013 1305 1116 1372 debet.

272 1399 303 1460 4.
338 1391 485 1458 Potestas
508 1393 681 1459 saecularis
707 1411 788 1472 ,non
811 1395 879 1458 siue
909 1411 1004 1458 causa
1024 1391 1166 1475 gladium
1187 1395 1325 1473 portat“‚

164 1479 298 1562 ideoque
324 1480 378 1563 jus
401 1487 434 1545 et
456 1478 590 1547 officium
614 1478 683 1561 ejus
705 1487 768 1562 est,
791 1481 891 1546 bonos
915 1481 1008 1561 tueri,
1031 1478 1132 1546 malos
1155 1478 1327 1561 reprimere

165 1572 197 1632 et
219 1567 343 1648 punire.

271 1659 302 1720 5.
336 1653 475 1720 Poenam
506 1653 677 1737 capitalem
705 1656 740 1721 in
771 1658 860 1720 certa
883 1654 1015 1720 erimina
1038 1654 1208 1734 gravius,
1231 1671 1325 1734 prae-

163 1742 273 1807 sertim
296 1741 507 1821 homicidium,
530 1742 692 1807 statuendi
707 1747 850 1824 potestas
866 1741 1038 1807 saecularis
1049 1742 1103 1824 jus
1118 1739 1216 1805 habet
1230 1740 1326 1822 idque

165 1827 322 1911 divinum;
360 1829 451 1911 cujus
485 1830 672 1894 exercitium
707 1829 810 1912 legale
844 1832 877 1894 et
904 1829 1102 1894 moderatum
1132 1827 1175 1893 ad
1207 1827 1326 1893 bonum

164 1933 329 2068 coffmune
351 1916 516 2066 sgtcictatis
538 1917 724 2000 requiritur,
748 1921 780 1982 et
801 1917 942 1998 ipsorum
966 1934 1090 1982 reorum
1113 1913 1209 1980 saluti
1231 1933 1325 1998 gene·

164 2021 200 2068 ra
215 2004 276 2069 ’ter
298 2021 356 2068 con
379 2004 455 2069 ucit.

268 2126 387 2191 Romae
409 2125 462 2193 die
485 2131 504 2192 9
527 2125 672 2193 tannarii
698 2131 791 2192 1870.

498 2437 551 2504 De
573 2438 782 2505 Institutione
796 2437 988 2522 juventutis.

269 2578 400 2645 Placeat
421 2576 561 2644 Concilio
583 2578 739 2645 Vaticano
762 2578 925 2645 declarare
947 2594 1029 2660 quas
1051 2581 1243 2659 sequuntur:

270 2664 485 2732 Christianam
503 2667 706 2749 jnventutem
728 2666 865 2732 educare
888 2683 927 2731 ac
948 2664 1107 2730 instruere
1121 2664 1324 2730 eccleliaotici

155 2753 339 2836 magisterii
361 2759 424 2831 est3
447 2752 531 2819 unde
554 2752 680 2820 scholas
703 2753 948 2820 christianorum
971 2751 1109 2834 erigere,
1133 2751 1270 2834 dirigere
1291 2757 1326 2817 et

155 2837 1325 3012 uuutttututltllttutmltutttfflttttdz

154 3013 300 3082 odicium
331 3020 365 3080 ct
351 3014 585 3081 tsacerdotale
607 3017 816 3081 ministerium
837 3015 986 3098 pertinet,
1009 3031 1105 3093 aquo
1120 3013 1189 3080 sola
1203 3011 1325 3080 familia

160 3102 360 3169 cunstians
350 3121 384 3168 uu
399 3102 572 3168 educandis
588 3108 621 3169 et
635 3103 842 3171 instituendis
853 3102 961 3167 liberis
974 3099 1132 3182 dependet
1141 3106 1180 3185 et
1193 3101 1324 3183 regitur

183 3234 186 3238 ’
267 3226 386 3291 Romae
408 3225 459 3291 dic
483 3230 524 3292 10
546 3224 692 3291 Jauuarii
716 3231 812 3293 1870.

498 3521 551 3587 De
571 3523 619 3587 stc
641 3521 738 3589 dictis
760 3521 989 3589 Ittertutttus.

267 3659 397 3726 Placeat
416 3659 627 3727 Oecumenico
646 3660 785 3728 Concilio
794 3661 950 3728 Vaticano
966 3664 1100 3763 sequent
1100 3661 1132 3726 ia
1085 3659 1323 3726 t:declarare

265 3746 413 3813 Libertas
436 3749 649 3814 conscientiae
672 3754 706 3815 et
729 3749 901 3829 mutuat
866 3753 962 3830 atque
982 3749 1035 3831 Jus
1057 3747 1203 3830 publicae
1223 3747 1324 3813 mani·

150 3832 339 3900 testationis
374 3836 599 3916 cogitationum
630 3843 687 3902 aut
709 3837 891 3919 opinionum
913 3854 976 3902 non
998 3836 1118 3911 habent
1139 3835 1242 3900 locum
1264 3852 1324 3900 nec

148 3920 267 3986 valent
289 3925 401 3988 contra
422 3920 587 3998 Ecclesiae
603 3922 832 4025 Magisterium,
854 3924 939 4006 quod
955 3923 1177 3990 conscientiam
1192 3921 1322 4006 obligat,

149 4007 282 4073 cultum
305 4009 460 4074 sincerum
478 4011 538 4077 Dei
553 4012 608 4076 det
594 4012 754 4094 terminat,
731 4016 808 4077 tet
822 4028 931 4077 omnes
947 4008 1216 4078 manifestationes
1232 4010 1321 4092 spiri·

151 4099 250 4160 tuum
274 4095 438 4179 dijudicat.

267 4201 390 4269 Romae
413 4202 464 4268 die
490 4207 528 4268 ll
552 4201 697 4269 tannarii
723 4207 817 4269 1870.
