2946 4942
615 303 655 348 nu
678 301 857 350 nrsornmnn.
1264 294 1324 373 ll]

167 441 274 520 quoad
305 440 433 521 antiqua
463 441 630 523 privilegia
653 441 910 506 Patriarcharum
939 432 984 506 et'
1001 445 1326 525 metropohtanorum,

167 537 200 594 et
223 527 327 609 quoad
352 527 580 609 Episcoporum
603 529 795 605 electionem,
820 526 1088 596 confirmationem
1112 536 1144 596 et
1162 532 1245 614 jura.

275 620 307 678 4⁰
331 613 364 679 Si
388 615 462 696 quid
479 615 699 697 corrigendum
724 615 808 697 apud
823 617 909 697 ipsos
931 616 1087 696 videatur,
1112 620 1197 699 quod
1218 623 1328 685 tamen

169 699 289 767 differri
311 703 421 782 possit,
444 704 617 785 prudenter
640 708 808 782 taceretur,
831 722 894 769 non
916 705 1108 770 attendendo
1131 707 1327 788 impraesen-

168 788 286 854 tiarum
309 790 369 853 nisi
392 790 434 853 ad
455 807 608 854 summam
632 809 707 866 rem,
740 791 886 854 unionem
909 791 1063 874 videlicet,
1087 799 1119 857 et
1140 791 1274 859 fidenter
1296 795 1329 858 in

169 876 305 941 Domino
329 877 486 959 sperando
509 877 602 957 quod,
637 887 805 958 postquam
828 879 908 942 uniti
930 877 1056 959 fuerint,
1081 880 1238 946 charitate
1261 883 1331 946 uni-

169 966 244 1029 tatis
268 970 301 1028 et
323 964 442 1028 lumine
464 965 609 1028 veritatis
632 984 669 1029 eo
692 965 896 1044 adducentur,
922 972 957 1029 ut
980 973 1092 1047 sponte
1115 986 1330 1050 quaecumque

170 1051 390 1116 emendatione
414 1052 509 1131 digna
531 1051 658 1131 luerint,
682 1053 742 1133 ipsi
765 1053 942 1118 emendent.

276 1143 308 1202 5⁰
342 1136 420 1202 Oum
444 1140 623 1220 ignorantia
655 1158 716 1203 una
739 1140 820 1204 site
843 1142 1018 1220 praecipuis
1048 1142 1151 1206 causis
1174 1161 1229 1223 per
1252 1160 1330 1222 quas

168 1226 200 1290 in
223 1226 394 1290 schismate
426 1228 603 1290 retinentur
635 1234 668 1290 et
690 1227 911 1304 obdurescunt,
947 1227 1022 1291 nihil
1053 1228 1265 1310 negligeretur
1295 1237 1330 1293 ut

168 1313 245 1394 ipsis
270 1332 363 1377 verae
387 1314 538 1378 scientiae
564 1313 741 1378 catholicae
762 1315 868 1378 lumen
891 1312 1055 1397 affulgeat:
1080 1317 1120 1379 ad
1143 1316 1227 1396 quod
1249 1316 1329 1381 mul·

167 1407 235 1464 tum
260 1401 435 1479 inserviret,
470 1401 497 1464 si
520 1401 552 1464 in
576 1401 700 1464 illorum
733 1400 876 1482 partibus
901 1403 999 1466 creari
1021 1411 1151 1483 possent
1173 1404 1329 1484 quaedam

166 1489 362 1552 monasteria
384 1486 435 1551 vel
458 1487 589 1569 collegia
613 1490 759 1567 virorum,
790 1490 908 1568 pietate
932 1490 1128 1571 scientiaque
1151 1491 1328 1573 insignium,

166 1576 231 1657 qui,
257 1593 371 1656 graece
395 1576 537 1639 viventes
561 1584 594 1640 et
617 1594 731 1656 graece
754 1583 889 1654 orantes,
926 1577 1039 1641 studiis
1064 1577 1207 1641 omnibus
1230 1577 1329 1643 eccle-

162 1662 311 1736 siasticia
346 1664 480 1726 maxime
504 1682 577 1726 vero
601 1664 731 1743 graecis,
766 1668 850 1728 totos
874 1681 907 1727 sc
938 1664 1061 1742 darent,
1096 1665 1249 1745 simulque
1273 1683 1329 1746 per

161 1749 330 1819 lectiones,
353 1749 602 1828 praedicationes
626 1760 657 1813 et
679 1752 797 1830 scripta
820 1769 925 1815 veram
943 1752 1117 1817 doctrinam
1141 1757 1329 1834 spargerent

161 1830 199 1901 e't
224 1836 395 1917 discipulos
419 1834 630 1925 efformabant.

277 1928 308 1988 6⁰
339 1923 542 1988 Haberentur
564 1924 682 1988 Itomae
707 1924 815 1988 selecti
840 1925 936 2006 aliqui
960 1926 1028 2001 viri,
1063 1945 1124 1990 non
1146 1926 1238 1990 latini
1260 1932 1329 1991 tan·

157 2018 246 2092 tum,
271 2012 326 2075 sed
350 2017 382 2073 et
404 2012 519 2091 graeci,
543 2029 710 2090 rerumque
734 2029 919 2092 graecarum
943 2014 1033 2092 gnari
1057 2019 1089 2075 et
1113 2014 1329 2093 expertissimi,

158 2099 221 2179 qui
245 2098 382 2162 Sanctae
406 2097 478 2161 Sodi
502 2098 693 2178 apostolicae
715 2098 747 2161 in
780 2099 924 2163 omnibus
949 2099 989 2162 ad
1023 2117 1154 2181 graecos
1186 2107 1331 2181 spectan-

157 2187 253 2250 tibus
276 2204 296 2250 a
319 2185 457 2249 consiliis
481 2193 596 2250 essent.

159 2377 219 2442 De
235 2376 418 2453 dividenda,
444 2376 490 2441 vel
506 2375 711 2456 duplicando,
735 2378 923 2441 morimeam
943 2380 1088 2456 favorem
1105 2377 1331 2455 Orientalium,

381 2501 475 2545 sacra
500 2480 755 2562 Conprcpotc'orcc
778 2480 1017 2562 Propagandoc
1038 2480 1124 2561 poet.

277 2620 357 2686 Cum
379 2621 560 2685 missionum
591 2621 784 2700 prosperitas
808 2628 840 2684 et
871 2621 1058 2700 populorum
1085 2619 1257 2684 infidelium
1278 2621 1330 2686 vel

161 2709 417 2776 acatholicorum
439 2707 601 2772 conversio
623 2710 756 2770 manime
780 2708 918 2787 pendeat
945 2726 965 2772 a
987 2708 1136 2788 prudenti
1157 2715 1191 2772 et
1222 2708 1330 2772 solerti
1372 2753 1389 2788 ,

164 2796 394 2862 distributione
423 2797 489 2859 sive
512 2795 727 2875 operariorum
757 2794 1011 2875 apostolicorum,
1035 2795 1101 2860 sive
1125 2797 1276 2875 pecuniae
1299 2806 1351 2869 et¹

163 2884 303 2950 aliorum
320 2882 505 2946 auxiliorum
522 2899 602 2962 quae
625 2878 734 2945 fideles
751 2900 807 2962 pro
823 2880 896 2946 fidei
912 2883 1138 2962 propagatione
1154 2883 1329 2960 conferunt,

164 2988 275 3036 monne
308 2968 508 3034 utilissimum
543 2976 628 3032 esset
662 2967 924 3050 Congregationis
959 2970 1063 3033 dictus
1092 2969 1331 3051 Propupoadoe

167 3058 268 3122 Fidei
285 3057 476 3133 divisionem,
501 3075 557 3120 seu
574 3055 819 3137 duplicationem
843 3054 919 3138 fieri,
943 3063 975 3120 et
989 3056 1067 3119 duas
1092 3055 1189 3120 veluti
1209 3058 1331 3120 institui

172 3144 428 3226 Propagandos:

277 3231 426 3308 Alteram,
450 3250 506 3312 pro
530 3229 667 3308 Oriente,
692 3248 755 3294 non
778 3231 868 3294 unice
891 3248 950 3294 nec
972 3232 1142 3311 praecipue
1164 3249 1202 3294 ex
1223 3230 1331 3294 latinis

168 3318 337 3396 Praelatis,
373 3320 428 3383 sed
452 3337 489 3381 ex
513 3317 725 3382 Orientalibus
756 3335 888 3397 quoque,
924 3323 957 3382 et
984 3319 1122 3381 omnium
1152 3318 1331 3399 linguarum

172 3407 313 3472 Orientis
336 3407 411 3470 viris
435 3405 677 3483 coalescentem3

280 3493 421 3558 Alteram
437 3511 494 3574 pro
517 3492 698 3574 regionibus
714 3491 896 3570 infidelium,
920 3491 1135 3574 epriscopis
1158 3498 1214 3556 aut
1230 3509 1331 3556 sacer·

175 3581 302 3648 dotibus
324 3579 521 3645 efformatam
552 3580 606 3660 qui
629 3579 819 3644 missionarii
848 3577 974 3659 inerint,
1005 3586 1037 3645 et
1060 3599 1098 3645 en
1119 3578 1336 3659 Regularibus

175 3669 229 3751 qui
251 3673 284 3734 et
306 3669 366 3749 ipsi
388 3667 588 3732 missionibus
611 3665 819 3743 inservierint,
854 3674 886 3730 et
908 3667 949 3731 ad
971 3668 1077 3731 varios
1100 3666 1235 3732 Ordines
1258 3668 1331 3729 mis·

175 3757 316 3822 sionibus
338 3755 556 3819 incumbentes
580 3753 822 3834 pertinentibus.

281 3843 351 3920 Quo
374 3842 455 3907 enirn
479 3841 591 3905 melius
615 3859 665 3904 res
688 3840 869 3904 missionum
892 3840 1028 3922 intelligi
1051 3840 1236 3905 attractari
1259 3856 1336 3920 pos·

177 3937 255 4010 sent,
278 3948 373 4011 quam
397 3929 505 3993 avinis
528 3929 637 4009 quiet
659 3928 803 4008 regiones
825 3927 904 3992 istas
926 3928 1114 4009 longinquas
1136 3926 1336 4004 incoluerint,

177 4024 210 4082 ct
230 4016 362 4082 suismet
384 4015 480 4080 oculis
510 4017 647 4080 viderint
669 4016 740 4096 quis
763 4016 804 4078 sit
826 4033 900 4078 vere
923 4034 1029 4079 rerum
1052 4021 1147 4096 atque
1170 4015 1332 4078 hominum

179 4109 281 4169 status
304 4103 407 4169 inhia
430 4103 596 4184 partibus?

282 4190 361 4256 Cum
384 4195 490 4255 autem
514 4192 611 4255 totius
635 4190 795 4255 Ecclesiae
817 4190 956 4270 episcopi
983 4189 1115 4254 sollicite
1139 4194 1259 4267 curent,
1282 4187 1337 4251 vel

182 4296 290 4344 curare
313 4277 459 4360 debeant,
482 4278 742 4359 propagationem
768 4275 1036 4357 Evangelii—ex
1058 4276 1202 4341 omnibus
1217 4277 1336 4357 quippe
