2946 4942
223 327 264 387 30
504 336 623 384 scarus
646 335 889 384 consrrrurroms
912 335 1102 383 monimum

222 477 304 545 filios
334 476 527 542 transfusum
559 493 812 557 unumquemque
834 476 866 538 in
890 480 978 539 statu
1000 474 1173 554 peccatoris
1197 473 1378 540 constitnit:

222 564 487 647 quemadmodum
521 562 667 629 Ecclesia
701 567 884 628 constanter
916 561 1036 640 docuit,
1070 567 1102 626 et
1129 560 1160 627 S.
1194 560 1380 627 Tridentina

224 653 368 735 Synodus
391 649 541 731 definivit,
565 650 654 732 eujus
678 650 805 716 decreta
827 648 886 714 hoc
909 649 1106 731 approbante
1130 647 1267 714 Concilio
1290 666 1383 714 reno·

223 757 344 805 ramus.

327 826 377 891 Ab
400 825 543 892 omnihus
565 830 673 891 tamen
700 822 843 890 fidelihus
866 821 999 888 firmiter
1021 823 1211 889 credendum
1234 828 1383 897 constan·

223 920 333 996 terque
362 912 570 995 profitendum
599 918 660 992 est,
697 912 756 977 Dei
778 910 912 976 Matrem
935 911 972 977 B.
996 910 1035 974 V.
1058 910 1192 976 Mariam
1223 911 1255 975 in
1279 911 1382 992 primo

223 1001 356 1067 instanti
390 1018 467 1064 suae
501 999 713 1082 conceptionis
744 998 841 1064 luisse
874 997 1029 1079 singulari
1063 997 1287 1079 omnipotentis
1321 996 1384 1062 Dei

223 1088 327 1169 gratia
342 1092 375 1152 et
389 1087 564 1169 privilegio,
588 1087 704 1152 intuitu
725 1087 908 1152 meritorum
924 1083 1043 1150 Christi
1058 1084 1230 1150 salvatoris
1252 1083 1385 1150 hnmani

225 1176 358 1256 generis,
382 1175 422 1239 ab
445 1174 530 1240 omni
545 1173 706 1256 originalis
728 1172 839 1255 culpae
854 1172 927 1238 labe
948 1179 1186 1254 praeservatam
1201 1172 1382 1250 immunem,

223 1268 319 1345 prout
340 1281 399 1343 per
420 1262 531 1343 Apost.
554 1261 702 1326 Nostram
726 1259 1000 1340 Constitutionem
1024 1278 1106 1342 quae
1129 1260 1239 1340 incipit
1261 1259 1384 1338 Iaeffa·

225 1350 299 1414 atta
322 1349 420 1429 Deua,
445 1367 465 1414 a
488 1348 584 1414 Nobis
608 1347 805 1414 declaratum
829 1352 862 1412 et
884 1345 1044 1412 definitum
1069 1353 1125 1412 est.
1204 1376 1214 1403 ι

703 1537 840 1604 CAPUT
861 1539 914 1605 IV.

542 1678 594 1743 Dc
615 1680 765 1761 mysterio
787 1679 874 1743 cardi
896 1680 1069 1745 incarnati.

332 1818 374 1882 nt
406 1820 492 1884 Deus
525 1819 649 1898 generis
683 1819 784 1883 nostri
814 1819 937 1884 ruinam
972 1821 1174 1901 praevidens,
1210 1819 1384 1885 secundum

227 1911 461 1972 sacramentum
482 1904 653 1970 voluntatis
676 1923 769 1986 snae,
800 1905 924 1988 lapsum
947 1907 1102 1972 hominem
1126 1907 1249 1988 erigere
1273 1910 1306 1970 et
1320 1905 1386 1971 de-

226 1995 310 2060 victo
335 1993 495 2072 daemone,
520 1993 609 2075 cujus
631 1994 772 2058 versutia
794 1994 942 2076 perierat,
967 1994 1007 2060 de
1029 1999 1131 2059 morte
1153 1994 1313 2059 advitam
1337 2010 1387 2057 re-

227 2099 340 2147 vocare
355 2080 600 2146 misericorditer
616 2080 655 2145 ab
672 2085 803 2145 aeterno
820 2082 967 2147 decrevit.
1013 2082 1213 2163 Quapropter
1228 2080 1282 2145 uhi
1298 2081 1387 2145 venit

226 2168 390 2252 plenitudo
412 2168 578 2249 temporis,
614 2168 700 2231 misit
720 2167 835 2233 Filium
858 2186 951 2234 suum
973 2170 1181 2251 unigenitum,
1205 2166 1322 2232 lartum
1347 2186 1387 2233 ex

227 2255 375 2335 muliere,
410 2259 446 2319 ut
469 2271 590 2335 omnes,
616 2254 671 2335 qui
691 2255 857 2320 crederent
879 2258 911 2320 in
935 2275 1016 2336 enm,
1041 2257 1080 2322 de
1103 2257 1306 2322 tenebrarum
1329 2272 1386 2337 po-

227 2348 345 2408 testate
376 2345 505 2425 ereptos
531 2343 562 2406 in
589 2360 722 2424 regnum
754 2342 846 2423 huius
868 2343 941 2409 Filii
973 2342 1149 2409 dilectionis
1182 2361 1257 2408 suae
1280 2347 1387 2408 trans-

226 2429 333 2496 ferret.

334 2516 422 2582 Haec
445 2520 550 2582 autern
573 2521 661 2582 recta
684 2524 718 2581 et
739 2519 863 2583 sincera
886 2523 935 2584 est
951 2518 1037 2584 verbi
1061 2519 1217 2584 incarnati
1238 2515 1325 2599 fides,
1350 2526 1388 2583 ut

229 2604 393 2670 credamus
416 2609 448 2668 et
470 2602 682 2685 confiteamur,
697 2605 737 2668 D.
755 2604 791 2672 N.
808 2604 828 2669 J
829 2623 916 2671 esum
932 2602 1093 2669 Christum
1109 2625 1217 2671 verum
1234 2606 1336 2671 Deum
1354 2611 1388 2671 et

227 2710 337 2756 rerum
359 2691 515 2756 hominem
539 2708 617 2770 esse,
641 2692 744 2755 Deum
772 2710 812 2756 ex
834 2692 1014 2758 substantia
1036 2692 1140 2757 Patris
1164 2697 1237 2758 ante
1258 2692 1389 2758 saecula

229 2779 383 2860 genitum,
416 2781 448 2842 et
476 2776 633 2842 hominem
662 2796 700 2842 ex
728 2779 903 2845 substantia
916 2780 1036 2845 'matris
1059 2781 1092 2844 in
1114 2780 1241 2847 saeculo
1264 2783 1386 2848 natum.

224 2864 374 2930 Summus
408 2864 491 2929 enim
523 2870 555 2929 et
586 2865 800 2948 sempiternus
822 2866 881 2930 Dei
903 2866 1019 2948 Filius,
1050 2868 1104 2948 qui
1134 2886 1169 2932 se
1192 2868 1234 2933 ad
1256 2867 1389 2934 humani

228 2953 353 3036 generis
376 2950 512 3017 salutem
534 2951 705 3032 inclinavit,
729 2971 787 3019 nos
810 2954 936 3034 quidem
958 2954 989 3018 in
1013 2973 1102 3019 suam
1126 2954 1260 3036 gloriam
1282 2961 1389 3021 trans·

228 3039 310 3122 tulit,
334 3040 400 3119 sed,
424 3039 601 3121 quoderat,
626 3057 781 3106 essenon
805 3041 937 3107 destitit.
946 3043 970 3117 1)
1013 3041 1115 3118 Quum
1132 3044 1215 3107 enim
1236 3040 1390 3108 informa

228 3128 248 3193 i.
273 3145 300 3192 e.
323 3131 437 3191 natura
461 3126 519 3190 Dei
542 3130 627 3192 esset
649 3126 739 3192 Patri
762 3128 918 3210 aequalis,
947 3130 1106 3194 nascendo
1130 3148 1166 3194 er
1190 3130 1294 3195 Matre
1316 3131 1390 3195 Vir-

225 3216 301 3296 gine
323 3213 459 3279 lormam
481 3214 581 3293 servi,
612 3214 632 3279 i.
657 3233 684 3279 e.
708 3222 856 3280 naturam
878 3215 1046 3280 humanam
1077 3218 1122 3282 ita
1146 3217 1205 3282 sibi
1227 3217 1390 3299 propriam

229 3300 318 3380 fecit,
352 3307 390 3366 ut
411 3320 469 3384 per
497 3300 580 3365 hanc
603 3301 694 3366 homo
716 3301 808 3368 fieret
837 3304 926 3368 nobis
950 3305 1236 3371 consubstantialis.
1281 3305 1389 3385 Atque

230 3389 277 3453 ita
305 3388 338 3453 in
361 3390 486 3469 integra
504 3388 573 3452 veri
588 3386 722 3453 hominis
748 3389 949 3473 perfectaque
967 3395 1082 3455 natura
1099 3409 1193 3456 verus
1220 3397 1315 3457 natus
1337 3398 1391 3460 est

230 3475 332 3557 Deus,
366 3480 453 3542 totus
476 3475 508 3539 in
531 3476 611 3554 suis,
646 3481 736 3542 totus
762 3479 795 3541 in
817 3479 974 3555 nostris.²)
1021 3478 1109 3544 Haec
1139 3480 1237 3562 igitur
1259 3491 1309 3544 est
1330 3480 1391 3545 hu-

230 3581 344 3628 manae
365 3567 500 3628 naturae
523 3581 593 3626 cum
618 3562 723 3628 divina
745 3583 881 3649 persona
903 3566 976 3630 unio
999 3566 1172 3631 secundum
1194 3566 1389 3650 hypostasin,

229 3669 250 3714 a
272 3651 371 3715 sacris
394 3648 542 3715 conciliis
566 3648 694 3716 delinita
721 3659 753 3717 et
775 3653 815 3718 ah
838 3654 986 3717 universa
1008 3670 1133 3734 semper
1154 3653 1298 3719 Ecclesia
1320 3672 1389 3721 cre·

231 3738 298 3802 dita
321 3742 353 3801 et
368 3737 562 3818 praedicata,
585 3742 622 3802 ut
643 3757 704 3803 non
721 3737 800 3804 alius
824 3740 866 3804 sit
881 3740 966 3804 Deus
981 3740 1120 3805 Verbum
1144 3747 1176 3806 et
1191 3741 1272 3806 alius
1294 3741 1390 3809 homo

228 3824 332 3906 Jesus,
355 3825 413 3889 scd
435 3843 500 3889 una
521 3824 699 3907 hypostasis
723 3843 779 3891 seu
801 3845 936 3910 persona
959 3832 991 3892 et
1006 3827 1091 3893 Deus
1114 3846 1171 3911 per
1194 3829 1332 3894 divinam
1356 3837 1391 3897 et

230 3912 325 3977 homo
348 3912 390 3976 sit
412 3930 469 3994 per
490 3911 660 3977 humanam
684 3918 832 3978 naturam
856 3918 1039 3982 assumtam.

336 3999 443 4078 Quare
472 4000 555 4065 sicut
583 4001 616 4064 in
638 3998 691 4065 SS.
714 4000 870 4066 Trinitate
897 4008 963 4069 tres
992 4021 1145 4084 personae
1167 4004 1333 4070 distinctae
1356 4007 1390 4071 iu

230 4104 295 4151 una
309 4088 485 4153 subsistunt
506 4092 631 4169 natura,
655 4089 699 4153 ita
721 4089 754 4154 in
770 4088 897 4156 Christo
920 4096 1032 4156 contra
1048 4109 1111 4156 una
1133 4088 1237 4156 divina
1252 4109 1390 4173 persona

233 4209 444 4221 σ--ι-α--ι

341 4261 362 4329 ¹)
382 4260 421 4315 cf.
442 4261 468 4314 S.
488 4262 543 4316 Leo
563 4263 600 4314 M.
620 4278 699 4316 serm.
719 4265 743 4317 7.
763 4262 796 4316 de
815 4263 905 4316 Natio.

338 4330 361 4398 ’J
379 4329 407 4384 S.
425 4331 482 4386 Leo
501 4333 538 4388 M.
557 4331 608 4399 Ep.
626 4330 662 4385 ad
680 4331 758 4388 alar.
