2946 4942
198 368 259 428 142
553 379 712 428 scurnum
735 379 992 428 oousurruruouuu
1084 350 1087 358 ’

196 539 303 587 eorum
327 527 474 583 teneatur
497 519 648 599 deputare
672 519 831 582 Vicariurn
853 537 891 583 ex
915 518 998 583 clero
1021 520 1087 583 sive
1109 518 1267 584 saeculari
1290 519 1360 584 sive

196 607 349 690 regulari,
373 605 509 670 habilem
533 613 639 669 tamen
663 615 758 687 atque
780 605 938 669 idoneum.
988 606 1019 670 Is
1042 624 1118 671 vero
1140 613 1213 688 post
1236 606 1361 671 Vicarii

196 694 370 776 Apostolici
393 694 514 760 obitum
537 699 699 774 tamquam
722 692 816 774 hujus
846 692 878 759 S.
906 692 996 758 Sedis
1024 693 1187 775 delegatus
1215 700 1361 759 assumet

196 781 337 863 regimen
358 781 546 860 Vicariatus,
571 787 604 844 et
626 781 658 844 in
681 780 835 862 ejusmodi
857 799 987 846 munere
1009 781 1226 861 permanebit,
1256 781 1363 846 donec

197 887 296 934 novus
324 869 519 950 spostolious
543 869 685 932 Vioarius
710 869 749 931 ab
773 868 883 931 eadem
906 868 936 935 S.
953 867 1036 934 Sede
1057 869 1241 949 designatus
1257 869 1361 949 ipsius

77 1006 79 1011 .
197 957 373 1022 Vicariatus
395 957 626 1037 possessionem
650 963 683 1019 et
705 956 846 1036 regimen
870 956 993 1033 adierit,
1010 955 1060 1021 vel
1075 974 1174 1037 usque
1189 956 1231 1020 ad
1246 974 1362 1036 quam-

198 1062 328 1125 cumque
351 1044 445 1109 aliam
469 1043 508 1106 ab
530 1044 599 1124 ipsa
621 1043 790 1107 ineundam
813 1043 1060 1122 ordinationem
1074 1044 1219 1123 idemque
1234 1044 1363 1126 pariter

198 1131 333 1197 alterum
357 1132 467 1194 statim
490 1131 653 1210 deputabit
676 1130 921 1195 ecclesiasticum
945 1131 1060 1211 virum,
1084 1132 1137 1212 qui
1161 1131 1198 1210 ei,
1222 1132 1249 1196 si
1272 1129 1362 1195 torte

197 1220 324 1284 interim
346 1218 468 1297 obierit,
502 1219 535 1281 in
565 1236 695 1282 munere
717 1217 884 1282 succedere
908 1218 1031 1283 debeat.
1073 1217 1226 1282 Volumus
1248 1222 1363 1283 autem

197 1306 410 1388 pro-Vicarios
445 1306 640 1389 hujusmodi,
677 1324 747 1370 cum
775 1305 953 1369 Vicariatus
980 1305 1122 1386 regimen
1150 1307 1362 1387 susceperint,

198 1412 261 1459 non
284 1394 385 1458 solum
408 1395 446 1458 iis
470 1394 613 1457 omnibus
637 1402 669 1456 et
692 1392 821 1472 singulis
846 1394 891 1457 uti
913 1410 1005 1473 posse
1028 1391 1250 1472 facultatibus,
1275 1410 1362 1474 quae

198 1482 337 1563 cujusvis
360 1480 521 1545 Ecclesiae
545 1478 745 1544 Gathedralis
769 1479 895 1544 Vicario
920 1478 1094 1560 Capitulari
1122 1479 1250 1560 dejure
1275 1498 1363 1544 com·
1455 1554 1465 1561 .

198 1574 306 1649 petere
330 1569 566 1649 dignoscuntur,
590 1585 701 1632 verum
724 1567 819 1631 etiam
841 1567 952 1631 iisdem
967 1565 1030 1631 frui
1051 1567 1265 1648 facultatibus,
1289 1569 1362 1649 qui-

198 1656 258 1720 bus
291 1654 453 1720 defunctus
485 1655 626 1720 Vicarius
650 1653 849 1735 Apostolious
871 1654 1025 1734 pollebat,
1057 1656 1094 1718 iis
1118 1655 1283 1719 dumtaxat
1305 1672 1364 1720 ex·

199 1743 298 1824 ceptis
321 1761 402 1822 quae
426 1743 589 1822 requirunt
613 1742 827 1806 characterem
850 1741 1085 1824 Episcopalem,
1114 1743 1163 1807 vel
1197 1760 1262 1806 non
1290 1743 1362 1807 sine

200 1830 368 1895 Sacrorum
402 1827 552 1894 Oleorum
578 1847 639 1893 usu
666 1836 869 1907 exercentur3
902 1829 1002 1894 eidem
1036 1838 1143 1894 tamen
1166 1834 1363 1910 potestatem

200 1917 331 1982 facimus
354 1923 399 1994 ut,
424 1916 681 1997 quandocumque
705 1917 876 1981 necessitas
900 1924 1022 1998 urgeat,
1046 1918 1148 2000 possit
1171 1935 1363 1983 consecrare

201 2005 322 2083 calices,
346 2012 487 2085 patenas,
512 2011 545 2069 et
567 2004 682 2068 altaria
705 2004 876 2086 portatilia,
902 2022 972 2068 curn
988 2004 1092 2069 Sacris
1109 2003 1195 2070 Olcis
1211 2006 1251 2070 ab
1266 2005 1363 2086 Epis-

200 2111 279 2173 copo
301 2092 484 2157 benedictis.

304 2180 341 2243 In
363 2178 513 2243 Ecclesiis
536 2180 617 2243 ritus
641 2179 821 2258 Orientalis‚
845 2180 883 2244 iis
907 2181 1044 2259 exceptis
1067 2197 1148 2259 quae
1164 2180 1284 2244 hahent
1299 2175 1364 2244 (ia-

200 2265 335 2346 pitulum
358 2265 496 2348 legitime
519 2266 698 2330 institutum
721 2266 806 2347 quod
825 2266 897 2346 J'ure
919 2265 1017 2347 pollet
1040 2266 1175 2346 eligendi
1197 2267 1362 2332 Vicarium

198 2350 424 2435 -Oapitularem,
449 2351 587 2418 defuncti
609 2352 759 2434 Episcopi
782 2352 929 2418 Vicarius
951 2355 1091 2436 regimen
1106 2355 1249 2418 vacantis
1265 2354 1362 2420 Dioc-

200 2442 278 2505 cesis
307 2459 344 2506 eo
379 2443 446 2521 ipso
470 2439 624 2520 assumat,
650 2442 749 2507 donec
771 2443 905 2505 certiore
928 2442 1158 2522 quamprimum
1181 2439 1268 2506 facto
1291 2439 1363 2507 Mc-

199 2528 391 2611 tropolitano
414 2529 465 2593 vel
480 2528 666 2593 Patriarcha
689 2528 830 2610 ejusdem
853 2530 993 2594 vacantis
1016 2529 1179 2594 Ecclesiae
1202 2528 1361 2610 gubernio

199 2616 259 2679 rite
283 2616 466 2681 consulatur
489 2634 587 2696 usque
610 2616 650 2679 ad
673 2616 746 2679 novi
768 2616 919 2698 Episcopi
942 2616 1135 2682 electionem.

673 2874 883 2894 z:

648 3052 682 3136 5.
726 3050 912 3135 Sblllllll

540 3211 596 3275 oa
620 3209 832 3276 ousmeus
856 3209 1018 3276 missua.

306 3351 374 3414 Etsi
408 3348 458 3415 fel.
483 3369 544 3415 reo.
567 3350 715 3415 Urbanus
737 3351 822 3417 Vlll.
851 3360 884 3416 et
906 3351 1107 3416 Innocentius
1129 3348 1200 3416 llll.
1224 3349 1365 3415 Praede·

199 3454 341 3502 cessores
374 3437 483 3501 Nostri
512 3437 604 3518 plura
627 3438 763 3503 Decreta
791 3440 829 3502 dc
861 3438 1071 3504 celebratione
1094 3437 1264 3502 Missarum
1287 3437 1367 3503 feli·

198 3525 289 3604 giose
312 3526 452 3590 curanda
475 3525 639 3605 ediderint,
647 3528 671 3608 1)
695 3534 804 3591 tamen
825 3527 991 3591 lamentari
1014 3526 1164 3607 cogimur,
1181 3525 1305 3606 optima
1321 3525 1365 3590 ab

201 3612 313 3676 iisdem
341 3619 488 3693 suscepta
517 3613 645 3678 consilia
675 3615 717 3678 ad
747 3620 908 3694 speratum
940 3614 1058 3678 exitum
1080 3613 1254 3692 generatim
1277 3610 1368 3677 haud

201 3696 298 3763 fuisse
320 3700 482 3779 perducta,
505 3707 601 3781 atque
622 3702 738 3766 idcirco
761 3702 814 3782 pia
837 3701 1006 3767 Missarum
1029 3718 1133 3778 onera,
1157 3717 1274 3780 magno
1289 3716 1366 3764 cum

202 3786 300 3850 divini
324 3786 428 3852 cultus
452 3787 651 3868 detrimento,
675 3786 894 3868 suffragiorum
916 3788 1143 3864 imminutione,
1167 3793 1199 3850 et
1222 3783 1366 3851 fidelium

202 3873 364 3951 scandalo,
399 3892 461 3938 uon
492 3893 531 3939 ea
553 3894 615 3956 qua
638 3894 697 3956 par
719 3882 769 3940 est
792 3874 853 3940 fide
878 3895 914 3939 ac
937 3875 1100 3957 diligentia
1122 3874 1238 3954 ubique
1261 3873 1366 3939 adim·

202 3960 292 4039 pleri.
339 3960 418 4025 Cum
441 3963 537 4043 igitur
559 3981 640 4042 quae
664 3963 811 4027 charitati
830 3964 1037 4045 justitiaeque
1060 3966 1272 4026 consentanea
1287 3966 1367 4027 sunt

202 4048 352 4113 inviolata
375 4051 457 4113 tueri
480 4056 511 4113 et
535 4051 693 4115 custodire
715 4053 870 4115 maximae
892 4050 989 4117 Nobis
1013 4067 1109 4115 curae
1136 4065 1205 4113 esse
1235 4047 1365 4130 debeat,

202 4133 373 4216 Episcopis,
406 4137 544 4202 locorum
568 4136 761 4219 Ordinariis,
796 4139 927 4219 aliisque
951 4136 1113 4215 Praelatis,
1139 4138 1234 4200 etiam
1255 4137 1367 4218 Regu-

312 4313 330 4369 ¹l
350 4308 410 4362 Vid.
437 4310 530 4364 Const.
557 4312 661 4364 Urbani
685 4312 761 4364 Vlll.
789 4311 855 4364 Cum
873 4327 952 4378 saepe
977 4315 1020 4367 21.
1038 4311 1113 4365 Junii
1132 4313 1208 4364 1625.
1232 4317 1261 4363 et
1279 4310 1367 4364 Inno-

204 4379 289 4432 centii
307 4378 368 4431 Xll.
388 4379 486 4446 Nuper
504 4383 547 4436 23.
566 4382 722 4435 Decembris
745 4383 820 4437 1697.
