2946 4942
501 338 541 384 oa
564 336 708 387 accusari
730 337 859 386 ouamm
1213 324 1254 401 bl

89 480 174 560 jura,
198 494 281 557 quae
303 475 448 541 Ecclesia
475 494 623 541 exercere
646 481 741 557 atque
773 479 897 557 integra
918 494 1048 542 servare
1069 495 1133 543 non
1154 476 1255 542 solum

94 569 202 646 potest
224 563 281 628 sed
302 563 401 628 etiam
417 562 521 642 debet,
545 565 619 644 quia
642 563 735 628 simul
754 582 823 628 curn
841 563 951 630 officiis
974 564 1153 648 cohaerent,
1174 581 1258 645 quac

94 652 157 733 ipsi
192 669 212 716 a
245 651 349 717 divino
384 668 441 716 suo
472 649 640 716 fundatore
673 651 814 733 injuncta
844 656 920 717 sunt
953 651 995 716 ad
1024 651 1160 717 salutern
1188 651 1257 719 aui·

94 756 230 803 marum.

203 825 391 906 Huiusmodi
422 825 505 889 bella
535 826 744 907 iniquissima,
776 827 830 907 qui
860 826 971 892 volunt
993 844 1063 892 esse
1092 825 1257 892 Ecclesiae

96 912 165 993 filii,
199 915 293 977 matri
324 930 401 978 suae
423 931 582 994 nunquam
611 913 779 992 inferrent,
810 914 837 977 si
858 915 1080 995 imperantium
1104 919 1136 978 et
1159 932 1256 997 popu·

95 1003 199 1067 lorum
222 1001 380 1065 mentibus
404 1007 587 1065 constanter
609 1001 834 1067 obversaretur
861 1003 976 1066 veritas
1000 1021 1020 1067 a
1042 1000 1169 1066 Christo
1194 1001 1257 1066 llo·

95 1091 183 1154 rniuo
205 1088 412 1154 severissimis
435 1089 541 1153 verbis
564 1088 731 1168 inculcata,
755 1089 832 1153 nibil
854 1089 1005 1170 prodesse
1027 1088 1147 1154 homini
1169 1107 1257 1153 mun·

94 1176 181 1242 dum.
196 1177 377 1241 universum
399 1175 524 1254 lucrari,
548 1177 575 1241 si
590 1177 712 1241 animae
735 1193 811 1240 suae
827 1176 1051 1241 detrimentum
1074 1175 1258 1259 patiatur,¹)

96 1271 195 1345 atque
218 1263 299 1328 adeo
330 1281 429 1343 supra
460 1262 547 1327 illam
569 1262 755 1329 felicitatem
778 1263 862 1328 vitae
894 1263 1066 1342 humanae,
1098 1264 1257 1345 adquam

97 1350 200 1419 civilia
232 1357 375 1433 potestas
402 1370 458 1431 per
485 1368 520 1416 se
548 1351 726 1429 ordinatur,
762 1369 831 1415 esse
862 1349 957 1416 finem
988 1350 1202 1417 sublimiorem
1225 1356 1259 1417 ot

97 1440 190 1504 unice
212 1439 424 1503 necessarium
446 1438 650 1503 beatitudinis
673 1447 830 1518 aeternae,
855 1438 1012 1520 adquam
1035 1438 1178 1504 homines
1200 1456 1257 1520 per

96 1524 273 1592 Ecclesiam
308 1531 383 1590 sunt
416 1525 608 1602 deducendi3
643 1527 775 1606 ideoque
802 1526 912 1592 habita
946 1526 996 1590 vel
1031 1525 1100 1592 sola
1133 1525 1258 1592 ratione

96 1613 180 1692 finis,
204 1614 258 1694 qui
280 1614 405 1694 utrique
422 1613 654 1693 praestituitur,
677 1613 869 1693 reipublicae
891 1613 975 1678 civili
990 1613 1165 1678 Ecclesiam
1180 1612 1258 1679 lesu

95 1699 218 1767 Christi
240 1706 365 1765 tantum
388 1699 597 1781 praecellere,
628 1708 778 1781 quantum
800 1701 895 1784 hujus
925 1703 1009 1766 vitae
1033 1703 1197 1767 commoda
1219 1719 1259 1766 aa

95 1788 184 1854 bona
207 1794 337 1870 superat
360 1788 446 1853 salus
469 1791 646 1852 animarum
669 1807 732 1852 uon
754 1807 832 1854 auro
856 1789 905 1852 vel
927 1796 1075 1869 argento,
1108 1787 1164 1855 sed
1187 1806 1258 1870 pre·

95 1877 182 1941 tioso
206 1876 358 1956 sanguine
373 1873 493 1939 Christi
514 1876 759 1955 redemptarum,
784 1883 817 1941 et
839 1877 927 1941 vitae
940 1883 1090 1942 aeternae
1112 1875 1257 1942 felicitas.

207 1963 357 2040 Quamvis
372 1963 469 2044 igitur
484 1962 580 2027 civilis
604 1964 766 2029 societatis
782 1963 946 2045 dispositio
961 1983 1018 2045 per
1040 1981 1074 2028 se
1090 1970 1124 2029 et
1140 1964 1259 2029 directe

98 2068 164 2116 non
187 2051 230 2117 ad
250 2049 523 2132 supernaturalem
545 2049 738 2129 felicitatem,
762 2051 819 2116 sed
835 2051 875 2114 ad
898 2050 1073 2132 temporale
1088 2050 1260 2116 communi·

97 2139 176 2206 tatis
200 2139 316 2204 bonum
338 2139 504 2219 pertineat,
529 2137 709 2203 christianis
731 2148 837 2204 tamen
859 2139 1036 2204 bominibus
1059 2156 1122 2202 non
1145 2138 1178 2203 iu
1200 2137 1260 2203 hoc

97 2227 297 2294 solummodo
320 2226 494 2290 sistendum
517 2231 583 2303 est;
613 2227 670 2291 sed
692 2225 871 2308 postulatur·
893 2227 934 2293 ab
957 2227 1010 2306 eis,
1034 2231 1071 2290 ut
1092 2224 1260 2308 temporali

98 2317 183 2381 bono
205 2312 384 2396 praeferant
406 2314 641 2394 sempiternum,
665 2323 760 2395 atque
775 2313 846 2379 ideo
868 2333 932 2380 uon
954 2315 1057 2380 miuus
1078 2314 1111 2378 in
1125 2312 1261 2397 publicis

98 2402 206 2482 rebus,
222 2419 316 2483 quam
332 2402 464 2482 privatis
479 2402 620 2482 negotiis,
636 2400 730 2465 finem
746 2401 926 2467 inferiorem
942 2421 1002 2467 non
1019 2403 1065 2466 ita
1080 2402 1258 2482 respiciant,

98 2496 136 2555 ut
160 2488 256 2555 finem
277 2488 412 2554 hominis
436 2489 580 2569 ultimum
603 2495 636 2553 et
664 2489 873 2553 necessarium
896 2489 937 2554 ab
960 2488 1057 2554 oeulis
1082 2488 1260 2567 dimittant;

99 2576 186 2642 unde
209 2577 385 2658 siquando
413 2576 581 2640 videantur
603 2575 694 2641 utilia
721 2594 818 2657 regno
846 2576 1027 2657 temporali,
1059 2595 1140 2657 quae
1170 2576 1261 2642 bonis

99 2665 336 2730 sublimioribus
363 2663 525 2729 Ecclesiae
556 2669 588 2728 et
611 2669 760 2728 aeternae
784 2664 878 2728 saluti
902 2669 1091 2746 repugnent,
1121 2681 1159 2729 ea
1181 2682 1261 2728 nun-

100 2771 198 2834 quam
221 2750 383 2816 habebunt
399 2770 457 2832 pro
485 2752 568 2816 veris
584 2752 683 2830 bonis,
707 2752 763 2815 sed
778 2753 900 2818 sincere
916 2753 1065 2832 consequi
1080 2751 1261 2830 studebunt,

99 2839 187 2922 quod
211 2840 315 2920 ajebat
330 2857 462 2920 magnus
484 2839 537 2905 ille
553 2838 734 2920 Gregorius,
760 2846 795 2904 ut
818 2846 970 2904 terrestre
985 2857 1118 2921 regnum
1134 2838 1264 2904 coelesti

99 2945 201 3009 regno
224 2926 404 2992 famuletur.

481 3228 485 3234 Ι
561 3134 698 3202 error
721 3136 803 3202 xiv.

201 3277 251 3342 De
268 3277 344 3356 jure
368 3284 398 3342 et
419 3298 481 3341 aaa
497 3279 669 3357 potestatis
692 3277 797 3342 civilia
818 3277 989 3342 secandam
1011 3276 1176 3341 Ecclesiae
1258 3314 1261 3318 ·

491 3383 663 3448 catholicae
686 3383 872 3448 doctrinam.

212 3521 327 3604 Spreta
351 3521 510 3588 Ecclesiae
534 3523 707 3587 catholicae
731 3523 876 3588 doctrina
899 3526 931 3586 et
952 3522 1153 3601 auctoritate,
1181 3522 1265 3604 ejus-

100 3629 167 3691 que
191 3610 274 3674 cirua
297 3610 467 3676 humanam
496 3611 679 3674 societatem
699 3609 822 3690 juribus
846 3609 1045 3688 conculcatis,
1077 3608 1265 3673 subintroie-

100 3700 181 3763 runt
213 3699 330 3762 nostris
364 3698 558 3779 temporibus
592 3699 735 3778 magistri
770 3698 952 3776 mendaces,
985 3699 1039 3777 qui
1069 3715 1132 3760 non
1165 3694 1265 3760 solum

101 3783 287 3864 Ecclesiae,
320 3785 495 3850 sedetiam
520 3787 619 3850 omnis
642 3786 771 3850 humani
795 3786 944 3851 consortii
973 3784 1093 3862 hostes
1127 3783 1265 3848 domina-

99 3874 225 3939 tionem
249 3876 466 3951 contemnunt,
479 3877 504 3954 2)
533 3872 580 3937 ita
602 3877 636 3936 ut
660 3873 746 3938 nulla
769 3874 847 3955 lege,
871 3873 930 3936 nisi
955 3890 1048 3952 quarn
1072 3872 1132 3952 ipsi
1154 3873 1265 3950 sponte

100 3960 317 4040 susceperint,
349 3960 483 4040 obligari
513 3978 547 4024 se
570 3978 663 4041 posse
686 3961 806 4040 dicant,
841 3978 1029 4040 orrrnernque
1052 3958 1266 4023 sublimiorem

100 4051 297 4130 potestatem
324 4048 363 4112 ab
388 4049 464 4128 ipsis
487 4047 749 4128 independentem
774 4067 830 4129 pro
854 4049 970 4129 injusto
987 4046 1148 4110 dominatu
1171 4043 1266 4111 habe-

101 4140 170 4215 ant,
195 4153 287 4216 quem
310 4154 367 4216 pro
390 4135 493 4200 lubitu
508 4136 645 4218 abjicere
660 4141 753 4216 atque
771 4141 912 4200 evertere
927 4134 1038 4199 liceat:
1062 4134 1156 4197 immo
1172 4133 1266 4197 etiarn

217 4344 237 4413 ¹)
256 4343 298 4400 cf.
318 4343 417 4399 Mattn.
437 4343 510 4401 xvi.
529 4345 572 4398 26.
645 4343 667 4412 ²)
686 4343 727 4399 Cf.
746 4344 781 4401 11.
800 4344 859 4398 Pet.
879 4344 913 4397 ll.
934 4344 976 4398 10.

1129 4429 1161 4482 4*
