<?xml version="1.0" encoding="UTF-8"?>
<!DOCTYPE html PUBLIC "-//W3C//DTD XHTML 1.0 Transitional//EN"
    "http://www.w3.org/TR/xhtml1/DTD/xhtml1-transitional.dtd">
<html xmlns="http://www.w3.org/1999/xhtml" xml:lang="en" lang="en">
 <head>
  <title>
</title>
<meta http-equiv="Content-Type" content="text/html;charset=utf-8" />
  <meta name='ocr-system' content='tesseract 3.04.00' />
  <meta name='ocr-capabilities' content='ocr_page ocr_carea ocr_par ocr_line ocrx_word'/>
</head>
<body>
  <div class='ocr_page' id='page_1' title='image "./omniumconciliiv01martgoog_0077.png"; bbox 0 0 2946 4942; ppageno 0'>
   <div class='ocr_carea' id='block_1_1' title="bbox 155 303 819 363">
    <p class='ocr_par' dir='ltr' id='par_1_1' title="bbox 155 303 819 363">
     <span class='ocr_line' id='line_1_1' title="bbox 155 303 819 363; baseline 0.002 -1"><span class='ocrx_word' id='word_1_1' title='bbox 155 303 197 362; x_wconf 76' lang='lat'>72</span> <span class='ocrx_word' id='word_1_2' title='bbox 648 315 819 363; x_wconf 79' lang='lat' dir='ltr'>rossumrr</span> 
     </span>
    </p>
   </div>
   <div class='ocr_carea' id='block_1_2' title="bbox 154 452 1317 624">
    <p class='ocr_par' dir='ltr' id='par_1_2' title="bbox 154 452 1317 624">
     <span class='ocr_line' id='line_1_2' title="bbox 154 452 1316 537; baseline -0.001 -18"><span class='ocrx_word' id='word_1_3' title='bbox 154 461 298 533; x_wconf 79' lang='lat' dir='ltr'>ruerunt,</span> <span class='ocrx_word' id='word_1_4' title='bbox 321 461 355 520; x_wconf 92' lang='lat' dir='ltr'>ct</span> <span class='ocrx_word' id='word_1_5' title='bbox 378 472 399 517; x_wconf 91' lang='lat' dir='ltr'>a</span> <span class='ocrx_word' id='word_1_6' title='bbox 420 472 554 535; x_wconf 91' lang='lat' dir='ltr'>qnorum</span> <span class='ocrx_word' id='word_1_7' title='bbox 577 452 698 519; x_wconf 77' lang='lat' dir='ltr'>insidiis</span> <span class='ocrx_word' id='word_1_8' title='bbox 720 453 874 519; x_wconf 84' lang='lat' dir='ltr'>Vaticana</span> <span class='ocrx_word' id='word_1_9' title='bbox 903 453 1047 537; x_wconf 86' lang='lat' dir='ltr'>Synodns</span> <span class='ocrx_word' id='word_1_10' title='bbox 1076 453 1187 521; x_wconf 84' lang='lat' dir='ltr'>fideles</span> <span class='ocrx_word' id='word_1_11' title='bbox 1208 454 1316 521; x_wconf 84' lang='lat' dir='ltr'>Eccle-</span> 
     </span>
     <span class='ocr_line' id='line_1_3' title="bbox 154 538 1317 624; baseline 0 -18"><span class='ocrx_word' id='word_1_12' title='bbox 154 544 223 607; x_wconf 89' lang='lat' dir='ltr'>siae</span> <span class='ocrx_word' id='word_1_13' title='bbox 246 540 328 607; x_wconf 87' lang='lat' dir='ltr'>filios</span> <span class='ocrx_word' id='word_1_14' title='bbox 349 543 433 606; x_wconf 90' lang='lat' dir='ltr'>tueri</span> <span class='ocrx_word' id='word_1_15' title='bbox 456 541 594 607; x_wconf 83' lang='lat' dir='ltr'>debebit.</span> <span class='ocrx_word' id='word_1_16' title='bbox 639 538 822 606; x_wconf 85' lang='lat' dir='ltr'>Catholicns</span> <span class='ocrx_word' id='word_1_17' title='bbox 844 543 1006 607; x_wconf 84' lang='lat' dir='ltr'>enimvero</span> <span class='ocrx_word' id='word_1_18' title='bbox 1028 542 1174 624; x_wconf 88' lang='lat' dir='ltr'>populns,</span> <span class='ocrx_word' id='word_1_19' title='bbox 1191 560 1317 624; x_wconf 89' lang='lat' dir='ltr'>semper</span> 
     </span>
    </p>
   </div>
   <div class='ocr_carea' id='block_1_3' title="bbox 153 627 1315 972">
    <p class='ocr_par' dir='ltr' id='par_1_3' title="bbox 153 627 1315 972">
     <span class='ocr_line' id='line_1_4' title="bbox 155 627 1315 711; baseline 0.001 -17"><span class='ocrx_word' id='word_1_20' title='bbox 155 628 288 694; x_wconf 81' lang='lat' dir='ltr'>edoctus</span> <span class='ocrx_word' id='word_1_21' title='bbox 311 633 343 692; x_wconf 88' lang='lat' dir='ltr'>et</span> <span class='ocrx_word' id='word_1_22' title='bbox 365 636 523 708; x_wconf 74' lang='lat' dir='ltr'>amnetus,</span> <span class='ocrx_word' id='word_1_23' title='bbox 547 628 739 709; x_wconf 80' lang='lat' dir='ltr'>Apostolicis</span> <span class='ocrx_word' id='word_1_24' title='bbox 760 629 895 694; x_wconf 90' lang='lat' dir='ltr'>Romani</span> <span class='ocrx_word' id='word_1_25' title='bbox 917 627 1077 694; x_wconf 84' lang='lat' dir='ltr'>Pontificis</span> <span class='ocrx_word' id='word_1_26' title='bbox 1094 630 1235 696; x_wconf 82' lang='lat' dir='ltr'>decretis</span> <span class='ocrx_word' id='word_1_27' title='bbox 1251 629 1315 711; x_wconf 93' lang='lat' dir='ltr'>ple-</span> 
     </span>
     <span class='ocr_line' id='line_1_5' title="bbox 153 715 1314 797; baseline 0.002 -17"><span class='ocrx_word' id='word_1_28' title='bbox 153 718 319 781; x_wconf 89' lang='lat' dir='ltr'>nissimum</span> <span class='ocrx_word' id='word_1_29' title='bbox 340 717 455 781; x_wconf 88' lang='lat' dir='ltr'>mentis</span> <span class='ocrx_word' id='word_1_30' title='bbox 477 723 510 780; x_wconf 90' lang='lat' dir='ltr'>et</span> <span class='ocrx_word' id='word_1_31' title='bbox 532 718 596 781; x_wconf 89' lang='lat' dir='ltr'>oris</span> <span class='ocrx_word' id='word_1_32' title='bbox 619 717 805 797; x_wconf 86' lang='lat' dir='ltr'>obsequium</span> <span class='ocrx_word' id='word_1_33' title='bbox 826 716 988 795; x_wconf 76' lang='lat' dir='ltr'>exhibere,</span> <span class='ocrx_word' id='word_1_34' title='bbox 1012 716 1159 783; x_wconf 80' lang='lat' dir='ltr'>Vaticani</span> <span class='ocrx_word' id='word_1_35' title='bbox 1181 715 1314 783; x_wconf 76' lang='lat' dir='ltr'>Consilii</span> 
     </span>
     <span class='ocr_line' id='line_1_6' title="bbox 154 803 1315 885; baseline 0 -17"><span class='ocrx_word' id='word_1_36' title='bbox 154 805 345 869; x_wconf 86' lang='lat' dir='ltr'>sententiam</span> <span class='ocrx_word' id='word_1_37' title='bbox 367 804 407 868; x_wconf 91' lang='lat' dir='ltr'>de</span> <span class='ocrx_word' id='word_1_38' title='bbox 429 804 572 885; x_wconf 86' lang='lat' dir='ltr'>ejusdcm</span> <span class='ocrx_word' id='word_1_39' title='bbox 594 822 742 885; x_wconf 90' lang='lat' dir='ltr'>suprema</span> <span class='ocrx_word' id='word_1_40' title='bbox 765 810 796 868; x_wconf 89' lang='lat' dir='ltr'>et</span> <span class='ocrx_word' id='word_1_41' title='bbox 819 803 860 868; x_wconf 88' lang='lat' dir='ltr'>ab</span> <span class='ocrx_word' id='word_1_42' title='bbox 882 822 991 868; x_wconf 87' lang='lat' dir='ltr'>errore</span> <span class='ocrx_word' id='word_1_43' title='bbox 1012 804 1144 869; x_wconf 91' lang='lat' dir='ltr'>immuni</span> <span class='ocrx_word' id='word_1_44' title='bbox 1175 805 1315 870; x_wconf 89' lang='lat' dir='ltr'>auctori·</span> 
     </span>
     <span class='ocr_line' id='line_1_7' title="bbox 153 889 791 972; baseline 0 -16"><span class='ocrx_word' id='word_1_45' title='bbox 153 897 223 957; x_wconf 87' lang='lat' dir='ltr'>tate</span> <span class='ocrx_word' id='word_1_46' title='bbox 244 891 327 957; x_wconf 83' lang='lat' dir='ltr'>laeto</span> <span class='ocrx_word' id='word_1_47' title='bbox 350 889 497 972; x_wconf 83' lang='lat' dir='ltr'>fidelique</span> <span class='ocrx_word' id='word_1_48' title='bbox 520 893 624 956; x_wconf 81' lang='lat' dir='ltr'>annno</span> <span class='ocrx_word' id='word_1_49' title='bbox 647 893 791 972; x_wconf 84' lang='lat' dir='ltr'>excipiet.</span> 
     </span>
    </p>
   </div>
   <div class='ocr_carea' id='block_1_4' title="bbox 379 1178 847 1253">
    <p class='ocr_par' dir='ltr' id='par_1_4' title="bbox 379 1178 847 1253">
     <span class='ocr_line' id='line_1_8' title="bbox 379 1178 847 1253; baseline 0.004 -2"><span class='ocrx_word' id='word_1_50' title='bbox 379 1178 401 1221; x_wconf 81' lang='lat'>&#39;</span> <span class='ocrx_word' id='word_1_51' title='bbox 624 1187 847 1253; x_wconf 84' lang='lat' dir='ltr'>APPENDIX.</span> 
     </span>
    </p>
   </div>
   <div class='ocr_carea' id='block_1_5' title="bbox 154 1327 1314 1620">
    <p class='ocr_par' dir='ltr' id='par_1_5' title="bbox 154 1327 1314 1620">
     <span class='ocr_line' id='line_1_9' title="bbox 154 1327 1314 1410; baseline 0.003 -18"><span class='ocrx_word' id='word_1_52' title='bbox 154 1329 411 1394; x_wconf 73' lang='lat' dir='ltr'>Norrc&#39;ssr&#39;morum</span> <span class='ocrx_word' id='word_1_53' title='bbox 438 1327 694 1410; x_wconf 72' lang='lat' dir='ltr'>provincialium</span> <span class='ocrx_word' id='word_1_54' title='bbox 715 1328 915 1410; x_wconf 74' lang='lat' dir='ltr'>Spaodorum</span> <span class='ocrx_word' id='word_1_55' title='bbox 937 1335 967 1392; x_wconf 82' lang='lat' dir='ltr'>ct</span> <span class='ocrx_word' id='word_1_56' title='bbox 990 1330 1166 1394; x_wconf 72' lang='lat' dir='ltr'>commemis</span> <span class='ocrx_word' id='word_1_57' title='bbox 1188 1329 1314 1408; x_wconf 78' lang='lat' dir='ltr'>episeo-</span> 
     </span>
     <span class='ocr_line' id='line_1_10' title="bbox 179 1431 1284 1514; baseline 0 -16"><span class='ocrx_word' id='word_1_58' title='bbox 179 1454 299 1514; x_wconf 80' lang='lat' dir='ltr'>porum</span> <span class='ocrx_word' id='word_1_59' title='bbox 320 1435 478 1498; x_wconf 80' lang='lat' dir='ltr'>scatentia</span> <span class='ocrx_word' id='word_1_60' title='bbox 500 1433 540 1497; x_wconf 83' lang='lat' dir='ltr'>de</span> <span class='ocrx_word' id='word_1_61' title='bbox 562 1453 711 1511; x_wconf 83' lang='lat' dir='ltr'>suprema</span> <span class='ocrx_word' id='word_1_62' title='bbox 735 1439 765 1497; x_wconf 82' lang='lat' dir='ltr'>et</span> <span class='ocrx_word' id='word_1_63' title='bbox 787 1435 826 1497; x_wconf 83' lang='lat' dir='ltr'>ab</span> <span class='ocrx_word' id='word_1_64' title='bbox 850 1454 958 1498; x_wconf 84' lang='lat' dir='ltr'>errore</span> <span class='ocrx_word' id='word_1_65' title='bbox 979 1435 1114 1497; x_wconf 77' lang='lat' dir='ltr'>immani</span> <span class='ocrx_word' id='word_1_66' title='bbox 1136 1431 1284 1498; x_wconf 77' lang='lat' dir='ltr'>Romani</span> 
     </span>
     <span class='ocr_line' id='line_1_11' title="bbox 296 1536 1166 1620; baseline 0.003 -19"><span class='ocrx_word' id='word_1_67' title='bbox 296 1536 466 1618; x_wconf 70' lang='lat' dir='ltr'>Pontificio</span> <span class='ocrx_word' id='word_1_68' title='bbox 487 1538 523 1601; x_wconf 82' lang='lat' dir='ltr'>irc</span> <span class='ocrx_word' id='word_1_69' title='bbox 546 1537 642 1602; x_wconf 79' lang='lat' dir='ltr'>rebus</span> <span class='ocrx_word' id='word_1_70' title='bbox 656 1537 737 1620; x_wconf 78' lang='lat' dir='ltr'>fidei</span> <span class='ocrx_word' id='word_1_71' title='bbox 759 1545 790 1602; x_wconf 81' lang='lat' dir='ltr'>et</span> <span class='ocrx_word' id='word_1_72' title='bbox 811 1557 934 1602; x_wconf 85' lang='lat' dir='ltr'>moram</span> <span class='ocrx_word' id='word_1_73' title='bbox 956 1537 1166 1604; x_wconf 82' lang='lat' dir='ltr'>Auctoritate.</span> 
     </span>
    </p>
   </div>
   <div class='ocr_carea' id='block_1_6' title="bbox 150 1676 1338 4374">
    <p class='ocr_par' dir='ltr' id='par_1_6' title="bbox 152 1676 1318 2194">
     <span class='ocr_line' id='line_1_12' title="bbox 264 1676 1318 1759; baseline 0.003 -18"><span class='ocrx_word' id='word_1_74' title='bbox 264 1683 292 1741; x_wconf 93' lang='grc'>1.</span> <span class='ocrx_word' id='word_1_75' title='bbox 327 1676 502 1742; x_wconf 85' lang='lat' dir='ltr'>Concilium</span> <span class='ocrx_word' id='word_1_76' title='bbox 524 1677 716 1759; x_wconf 80' lang='lat' dir='ltr'>provinciale</span> <span class='ocrx_word' id='word_1_77' title='bbox 743 1676 936 1754; x_wconf 84' lang='lat' dir='ltr'>Coloar’easc,</span> <span class='ocrx_word' id='word_1_78' title='bbox 960 1695 1043 1742; x_wconf 88' lang='lat' dir='ltr'>anno</span> <span class='ocrx_word' id='word_1_79' title='bbox 1068 1683 1153 1743; x_wconf 81' lang='lat'>1860</span> <span class='ocrx_word' id='word_1_80' title='bbox 1176 1678 1318 1744; x_wconf 87' lang='lat' dir='ltr'>celebra·</span> 
     </span>
     <span class='ocr_line' id='line_1_13' title="bbox 152 1763 1317 1847; baseline 0.001 -19"><span class='ocrx_word' id='word_1_81' title='bbox 152 1770 230 1844; x_wconf 91' lang='lat' dir='ltr'>tum,</span> <span class='ocrx_word' id='word_1_82' title='bbox 257 1766 316 1843; x_wconf 88' lang='lat' dir='ltr'>cui,</span> <span class='ocrx_word' id='word_1_83' title='bbox 332 1771 458 1846; x_wconf 89' lang='lat' dir='ltr'>praeter</span> <span class='ocrx_word' id='word_1_84' title='bbox 473 1766 751 1830; x_wconf 88' lang='lat' dir='ltr'>eminentissimum</span> <span class='ocrx_word' id='word_1_85' title='bbox 768 1763 968 1829; x_wconf 73' lang='lat' dir='ltr'>cardinalem</span> <span class='ocrx_word' id='word_1_86' title='bbox 985 1773 1017 1829; x_wconf 88' lang='lat' dir='ltr'>et</span> <span class='ocrx_word' id='word_1_87' title='bbox 1032 1764 1317 1847; x_wconf 85' lang='lat' dir='ltr'>Arcbiepiscopum</span> 
     </span>
     <span class='ocr_line' id='line_1_14' title="bbox 154 1850 1316 1934; baseline 0.002 -19"><span class='ocrx_word' id='word_1_88' title='bbox 154 1850 381 1931; x_wconf 84' lang='lat' dir='ltr'>Coloniensem,</span> <span class='ocrx_word' id='word_1_89' title='bbox 406 1851 562 1917; x_wconf 88' lang='lat' dir='ltr'>Joannem</span> <span class='ocrx_word' id='word_1_90' title='bbox 584 1852 624 1916; x_wconf 93' lang='lat' dir='ltr'>de</span> <span class='ocrx_word' id='word_1_91' title='bbox 646 1851 778 1930; x_wconf 84' lang='lat' dir='ltr'>Geissel,</span> <span class='ocrx_word' id='word_1_92' title='bbox 803 1853 939 1934; x_wconf 92' lang='lat' dir='ltr'>quinque</span> <span class='ocrx_word' id='word_1_93' title='bbox 950 1853 1205 1934; x_wconf 89' lang='lat' dir='ltr'>subscripserunt</span> <span class='ocrx_word' id='word_1_94' title='bbox 1220 1851 1316 1934; x_wconf 88' lang='lat' dir='ltr'>Epis·</span> 
     </span>
     <span class='ocr_line' id='line_1_15' title="bbox 153 1938 1317 2021; baseline 0.002 -17"><span class='ocrx_word' id='word_1_95' title='bbox 153 1940 242 2021; x_wconf 89' lang='lat' dir='ltr'>copi,</span> <span class='ocrx_word' id='word_1_96' title='bbox 273 1939 391 2004; x_wconf 85' lang='lat' dir='ltr'>diserte</span> <span class='ocrx_word' id='word_1_97' title='bbox 426 1939 532 2004; x_wconf 93' lang='lat' dir='ltr'>docet:</span> <span class='ocrx_word' id='word_1_98' title='bbox 571 1938 661 2020; x_wconf 89' lang='lat' dir='ltr'>,Ipse</span> <span class='ocrx_word' id='word_1_99' title='bbox 694 1940 869 2020; x_wconf 88' lang='lat' dir='ltr'>(Romanus</span> <span class='ocrx_word' id='word_1_100' title='bbox 902 1938 1060 2020; x_wconf 84' lang='lat' dir='ltr'>Pontifex)</span> <span class='ocrx_word' id='word_1_101' title='bbox 1093 1946 1143 2004; x_wconf 91' lang='lat' dir='ltr'>est</span> <span class='ocrx_word' id='word_1_102' title='bbox 1173 1943 1317 2005; x_wconf 89' lang='lat' dir='ltr'>omnium</span> 
     </span>
     <span class='ocr_line' id='line_1_16' title="bbox 155 2024 1318 2109; baseline -0.001 -19"><span class='ocrx_word' id='word_1_103' title='bbox 155 2024 405 2092; x_wconf 83' lang='lat' dir='ltr'>Christianorum</span> <span class='ocrx_word' id='word_1_104' title='bbox 428 2033 520 2109; x_wconf 88' lang='lat' dir='ltr'>pater</span> <span class='ocrx_word' id='word_1_105' title='bbox 541 2033 574 2090; x_wconf 92' lang='lat' dir='ltr'>et</span> <span class='ocrx_word' id='word_1_106' title='bbox 597 2027 716 2106; x_wconf 89' lang='lat' dir='ltr'>doctor,</span> <span class='ocrx_word' id='word_1_107' title='bbox 740 2029 831 2109; x_wconf 80' lang='lat' dir='ltr'>cujus</span> <span class='ocrx_word' id='word_1_108' title='bbox 853 2029 889 2090; x_wconf 81' lang='lat' dir='ltr'>ia</span> <span class='ocrx_word' id='word_1_109' title='bbox 908 2027 986 2107; x_wconf 75' lang='lat' dir='ltr'>fidei</span> <span class='ocrx_word' id='word_1_110' title='bbox 1004 2026 1318 2108; x_wconf 75' lang='lat' dir='ltr'>quaestionibaspcr</span> 
     </span>
     <span class='ocr_line' id='line_1_17' title="bbox 152 2114 716 2194; baseline -0.002 -16"><span class='ocrx_word' id='word_1_111' title='bbox 152 2134 186 2178; x_wconf 84' lang='lat' dir='ltr'>se</span> <span class='ocrx_word' id='word_1_112' title='bbox 208 2115 442 2194; x_wconf 76' lang='lat' dir='ltr'>irreformabile</span> <span class='ocrx_word' id='word_1_113' title='bbox 465 2119 511 2179; x_wconf 78' lang='lat' dir='ltr'>cst</span> <span class='ocrx_word' id='word_1_114' title='bbox 526 2114 716 2193; x_wconf 52' lang='lat' dir='ltr'>,iadiciamf</span> 
     </span>
    </p>

    <p class='ocr_par' dir='ltr' id='par_1_7' title="bbox 152 2199 1315 2530">
     <span class='ocr_line' id='line_1_18' title="bbox 260 2199 1315 2283; baseline 0.002 -19"><span class='ocrx_word' id='word_1_115' title='bbox 260 2207 288 2267; x_wconf 82' lang='lat'>2.</span> <span class='ocrx_word' id='word_1_116' title='bbox 324 2202 472 2282; x_wconf 87' lang='lat' dir='ltr'>Episcopi</span> <span class='ocrx_word' id='word_1_117' title='bbox 505 2202 538 2265; x_wconf 93' lang='lat' dir='ltr'>in</span> <span class='ocrx_word' id='word_1_118' title='bbox 562 2199 699 2266; x_wconf 88' lang='lat' dir='ltr'>Concilio</span> <span class='ocrx_word' id='word_1_119' title='bbox 732 2201 919 2283; x_wconf 89' lang='lat' dir='ltr'>provinciali</span> <span class='ocrx_word' id='word_1_120' title='bbox 957 2199 1200 2281; x_wconf 73' lang='lat' dir='ltr'>Uttrqr&#39;cctcasis</span> <span class='ocrx_word' id='word_1_121' title='bbox 1228 2219 1315 2267; x_wconf 91' lang='lat' dir='ltr'>auno</span> 
     </span>
     <span class='ocr_line' id='line_1_19' title="bbox 157 2287 1315 2370; baseline 0.003 -20"><span class='ocrx_word' id='word_1_122' title='bbox 157 2292 239 2352; x_wconf 85' lang='grc'><strong>1865</strong></span> <span class='ocrx_word' id='word_1_123' title='bbox 263 2289 447 2370; x_wconf 84' lang='lat' dir='ltr'>congregati</span> <span class='ocrx_word' id='word_1_124' title='bbox 468 2289 667 2369; x_wconf 83' lang='lat' dir='ltr'>apertissime</span> <span class='ocrx_word' id='word_1_125' title='bbox 690 2288 833 2354; x_wconf 90' lang='lat' dir='ltr'>edicunt:</span> <span class='ocrx_word' id='word_1_126' title='bbox 861 2290 1026 2369; x_wconf 67' lang='lat' dir='ltr'>,tRomani</span> <span class='ocrx_word' id='word_1_127' title='bbox 1040 2287 1215 2364; x_wconf 81' lang='lat' dir='ltr'>Pontificisl</span> <span class='ocrx_word' id='word_1_128' title='bbox 1226 2287 1315 2368; x_wconf 90' lang='lat' dir='ltr'>judi-</span> 
     </span>
     <span class='ocr_line' id='line_1_20' title="bbox 154 2374 1314 2458; baseline 0.001 -19"><span class='ocrx_word' id='word_1_129' title='bbox 154 2375 236 2439; x_wconf 92' lang='lat' dir='ltr'>cium</span> <span class='ocrx_word' id='word_1_130' title='bbox 257 2377 290 2440; x_wconf 94' lang='lat' dir='ltr'>in</span> <span class='ocrx_word' id='word_1_131' title='bbox 312 2377 360 2455; x_wconf 88' lang='lat' dir='ltr'>iis,</span> <span class='ocrx_word' id='word_1_132' title='bbox 385 2394 466 2457; x_wconf 88' lang='lat' dir='ltr'>quae</span> <span class='ocrx_word' id='word_1_133' title='bbox 489 2376 530 2439; x_wconf 89' lang='lat' dir='ltr'>ad</span> <span class='ocrx_word' id='word_1_134' title='bbox 552 2375 646 2440; x_wconf 85' lang='lat' dir='ltr'>iidem</span> <span class='ocrx_word' id='word_1_135' title='bbox 669 2394 833 2457; x_wconf 88' lang='lat' dir='ltr'>moresque</span> <span class='ocrx_word' id='word_1_136' title='bbox 856 2384 1012 2458; x_wconf 87' lang='lat' dir='ltr'>spectant,</span> <span class='ocrx_word' id='word_1_137' title='bbox 1035 2374 1211 2454; x_wconf 74' lang='lat' dir='ltr'>r&#39;rrfullibr&#39;le</span> <span class='ocrx_word' id='word_1_138' title='bbox 1232 2392 1314 2455; x_wconf 87' lang='lat' dir='ltr'>esse,</span> 
     </span>
     <span class='ocr_line' id='line_1_21' title="bbox 152 2462 592 2530; baseline 0.005 -4"><span class='ocrx_word' id='word_1_139' title='bbox 152 2462 372 2528; x_wconf 83' lang='lat' dir='ltr'>indubitanter</span> <span class='ocrx_word' id='word_1_140' title='bbox 392 2465 592 2530; x_wconf 84' lang='lat' dir='ltr'>retinemus.“</span> 
     </span>
    </p>

    <p class='ocr_par' dir='ltr' id='par_1_8' title="bbox 150 2548 1338 4374">
     <span class='ocr_line' id='line_1_22' title="bbox 259 2548 1314 2633; baseline -0.001 -17"><span class='ocrx_word' id='word_1_141' title='bbox 259 2556 288 2616; x_wconf 84' lang='lat'>3.</span> <span class='ocrx_word' id='word_1_142' title='bbox 324 2548 496 2616; x_wconf 83' lang='lat' dir='ltr'>Concilium</span> <span class='ocrx_word' id='word_1_143' title='bbox 512 2550 703 2633; x_wconf 79' lang='lat' dir='ltr'>provinciale</span> <span class='ocrx_word' id='word_1_144' title='bbox 714 2549 887 2632; x_wconf 80' lang='lat' dir='ltr'>Prapease,</span> <span class='ocrx_word' id='word_1_145' title='bbox 904 2568 986 2614; x_wconf 92' lang='lat' dir='ltr'>anno</span> <span class='ocrx_word' id='word_1_146' title='bbox 1006 2553 1090 2614; x_wconf 84' lang='grc'>1860</span> <span class='ocrx_word' id='word_1_147' title='bbox 1105 2549 1314 2629; x_wconf 86' lang='lat' dir='ltr'>celebratum,</span> 
     </span>
     <span class='ocr_line' id='line_1_23' title="bbox 152 2635 1314 2717; baseline -0.001 -14"><span class='ocrx_word' id='word_1_148' title='bbox 152 2637 203 2703; x_wconf 91' lang='lat' dir='ltr'>cui</span> <span class='ocrx_word' id='word_1_149' title='bbox 233 2655 303 2702; x_wconf 89' lang='lat' dir='ltr'>cum</span> <span class='ocrx_word' id='word_1_150' title='bbox 337 2637 591 2702; x_wconf 86' lang='lat' dir='ltr'>Eminentissimo</span> <span class='ocrx_word' id='word_1_151' title='bbox 615 2635 777 2702; x_wconf 76' lang='lat' dir='ltr'>cardinali</span> <span class='ocrx_word' id='word_1_152' title='bbox 812 2646 844 2701; x_wconf 92' lang='lat' dir='ltr'>et</span> <span class='ocrx_word' id='word_1_153' title='bbox 878 2636 1120 2717; x_wconf 86' lang='lat' dir='ltr'>Arcbiepiscopo</span> <span class='ocrx_word' id='word_1_154' title='bbox 1150 2637 1314 2703; x_wconf 86' lang='lat' dir='ltr'>Eriderico</span> 
     </span>
     <span class='ocr_line' id='line_1_24' title="bbox 152 2722 1313 2806; baseline 0 -17"><span class='ocrx_word' id='word_1_155' title='bbox 152 2726 201 2789; x_wconf 87' lang='lat' dir='ltr'>De</span> <span class='ocrx_word' id='word_1_156' title='bbox 224 2722 489 2806; x_wconf 83' lang='lat' dir='ltr'>Schwarzenberg</span> <span class='ocrx_word' id='word_1_157' title='bbox 522 2731 658 2805; x_wconf 87' lang='lat' dir='ltr'>quatuor</span> <span class='ocrx_word' id='word_1_158' title='bbox 692 2725 745 2790; x_wconf 92' lang='lat' dir='ltr'>alii</span> <span class='ocrx_word' id='word_1_159' title='bbox 768 2724 917 2806; x_wconf 87' lang='lat' dir='ltr'>Episcopi</span> <span class='ocrx_word' id='word_1_160' title='bbox 946 2722 1129 2789; x_wconf 87' lang='lat' dir='ltr'>definientes</span> <span class='ocrx_word' id='word_1_161' title='bbox 1152 2725 1313 2806; x_wconf 90' lang='lat' dir='ltr'>subscrip-</span> 
     </span>
     <span class='ocr_line' id='line_1_25' title="bbox 153 2809 1312 2892; baseline -0.001 -16"><span class='ocrx_word' id='word_1_162' title='bbox 153 2817 278 2889; x_wconf 86' lang='lat' dir='ltr'>serunt,</span> <span class='ocrx_word' id='word_1_163' title='bbox 312 2809 406 2876; x_wconf 90' lang='lat' dir='ltr'>titulo</span> <span class='ocrx_word' id='word_1_164' title='bbox 444 2811 513 2891; x_wconf 85' lang='lat' dir='ltr'>,De</span> <span class='ocrx_word' id='word_1_165' title='bbox 530 2814 679 2892; x_wconf 76' lang='lat' dir='ltr'>primata</span> <span class='ocrx_word' id='word_1_166' title='bbox 701 2813 842 2877; x_wconf 73' lang='lat' dir='ltr'>sanant</span> <span class='ocrx_word' id='word_1_167' title='bbox 865 2811 1051 2892; x_wconf 73' lang='lat' dir='ltr'>Poatdficis“</span> <span class='ocrx_word' id='word_1_168' title='bbox 1077 2810 1154 2875; x_wconf 85' lang='lat' dir='ltr'>haec</span> <span class='ocrx_word' id='word_1_169' title='bbox 1176 2812 1312 2877; x_wconf 81' lang='lat' dir='ltr'>statuit:</span> 
     </span>
     <span class='ocr_line' id='line_1_26' title="bbox 157 2897 1313 2981; baseline 0.003 -20"><span class='ocrx_word' id='word_1_170' title='bbox 157 2898 344 2981; x_wconf 85' lang='lat' dir='ltr'>,Rejicimus</span> <span class='ocrx_word' id='word_1_171' title='bbox 366 2917 460 2979; x_wconf 88' lang='lat' dir='ltr'>porro</span> <span class='ocrx_word' id='word_1_172' title='bbox 484 2916 623 2964; x_wconf 90' lang='lat' dir='ltr'>errorem</span> <span class='ocrx_word' id='word_1_173' title='bbox 646 2899 780 2978; x_wconf 91' lang='lat' dir='ltr'>illorum,</span> <span class='ocrx_word' id='word_1_174' title='bbox 804 2899 855 2980; x_wconf 91' lang='lat' dir='ltr'>qui</span> <span class='ocrx_word' id='word_1_175' title='bbox 880 2899 994 2963; x_wconf 88' lang='lat' dir='ltr'>alieubi</span> <span class='ocrx_word' id='word_1_176' title='bbox 1006 2897 1182 2963; x_wconf 89' lang='lat' dir='ltr'>Ecclesiam</span> <span class='ocrx_word' id='word_1_177' title='bbox 1205 2898 1313 2964; x_wconf 89' lang='lat' dir='ltr'>catho-</span> 
     </span>
     <span class='ocr_line' id='line_1_27' title="bbox 151 2985 1314 3067; baseline -0.001 -17"><span class='ocrx_word' id='word_1_178' title='bbox 151 2985 244 3051; x_wconf 88' lang='lat' dir='ltr'>licam</span> <span class='ocrx_word' id='word_1_179' title='bbox 275 2987 410 3051; x_wconf 83' lang='lat' dir='ltr'>existere</span> <span class='ocrx_word' id='word_1_180' title='bbox 445 3004 538 3067; x_wconf 86' lang='lat' dir='ltr'>posse</span> <span class='ocrx_word' id='word_1_181' title='bbox 571 2995 738 3052; x_wconf 88' lang='lat' dir='ltr'>autumant</span> <span class='ocrx_word' id='word_1_182' title='bbox 769 2987 888 3067; x_wconf 88' lang='lat' dir='ltr'>absque</span> <span class='ocrx_word' id='word_1_183' title='bbox 925 2987 1053 3051; x_wconf 88' lang='lat' dir='ltr'>unitatis</span> <span class='ocrx_word' id='word_1_184' title='bbox 1085 2985 1209 3051; x_wconf 85' lang='lat' dir='ltr'>viuculo</span> <span class='ocrx_word' id='word_1_185' title='bbox 1239 3003 1314 3051; x_wconf 86' lang='lat' dir='ltr'>cum</span> 
     </span>
     <span class='ocr_line' id='line_1_28' title="bbox 152 3072 1313 3156; baseline 0 -18"><span class='ocrx_word' id='word_1_186' title='bbox 152 3072 296 3140; x_wconf 87' lang='lat' dir='ltr'>Ecclesia</span> <span class='ocrx_word' id='word_1_187' title='bbox 327 3074 485 3154; x_wconf 88' lang='lat' dir='ltr'>Romana,</span> <span class='ocrx_word' id='word_1_188' title='bbox 524 3074 574 3153; x_wconf 93' lang='lat' dir='ltr'>,in</span> <span class='ocrx_word' id='word_1_189' title='bbox 606 3092 669 3154; x_wconf 90' lang='lat' dir='ltr'>qua</span> <span class='ocrx_word' id='word_1_190' title='bbox 690 3092 814 3156; x_wconf 88' lang='lat' dir='ltr'>semper</span> <span class='ocrx_word' id='word_1_191' title='bbox 837 3075 876 3138; x_wconf 89' lang='lat' dir='ltr'>ab</span> <span class='ocrx_word' id='word_1_192' title='bbox 900 3073 965 3151; x_wconf 79' lang='lat' dir='ltr'>bic,</span> <span class='ocrx_word' id='word_1_193' title='bbox 989 3075 1043 3155; x_wconf 92' lang='lat' dir='ltr'>qui</span> <span class='ocrx_word' id='word_1_194' title='bbox 1065 3077 1139 3137; x_wconf 87' lang='lat' dir='ltr'>sunt</span> <span class='ocrx_word' id='word_1_195' title='bbox 1161 3072 1313 3154; x_wconf 88' lang='lat' dir='ltr'>undique,</span> 
     </span>
     <span class='ocr_line' id='line_1_29' title="bbox 153 3158 1338 3242; baseline -0.003 -14"><span class='ocrx_word' id='word_1_196' title='bbox 153 3168 341 3228; x_wconf 86' lang='lat' dir='ltr'>conservata</span> <span class='ocrx_word' id='word_1_197' title='bbox 362 3168 413 3228; x_wconf 91' lang='lat' dir='ltr'>est</span> <span class='ocrx_word' id='word_1_198' title='bbox 435 3180 483 3238; x_wconf 87' lang='lat' dir='ltr'>ea,</span> <span class='ocrx_word' id='word_1_199' title='bbox 507 3179 588 3242; x_wconf 88' lang='lat' dir='ltr'>quae</span> <span class='ocrx_word' id='word_1_200' title='bbox 610 3168 660 3227; x_wconf 87' lang='lat' dir='ltr'>est</span> <span class='ocrx_word' id='word_1_201' title='bbox 684 3163 725 3226; x_wconf 87' lang='lat' dir='ltr'>ab</span> <span class='ocrx_word' id='word_1_202' title='bbox 747 3161 908 3242; x_wconf 71' lang='lat' dir='ltr'>apostolis</span> <span class='ocrx_word' id='word_1_203' title='bbox 923 3161 1080 3225; x_wconf 84' lang='lat' dir='ltr'>traditio.“</span> <span class='ocrx_word' id='word_1_204' title='bbox 1099 3158 1338 3242; x_wconf 78' lang='lat' dir='ltr'>(S.1renaeus&#39;‘</span> 
     </span>
     <span class='ocr_line' id='line_1_30' title="bbox 153 3247 1314 3335; baseline -0.002 -20"><span class='ocrx_word' id='word_1_205' title='bbox 153 3249 223 3315; x_wconf 81' lang='lat' dir='ltr'>adv.</span> <span class='ocrx_word' id='word_1_206' title='bbox 247 3249 369 3316; x_wconf 87' lang='lat' dir='ltr'>haeres.</span> <span class='ocrx_word' id='word_1_207' title='bbox 400 3249 421 3312; x_wconf 90' lang='lat' dir='ltr'>l.</span> <span class='ocrx_word' id='word_1_208' title='bbox 450 3253 481 3314; x_wconf 82' lang='lat'>3.</span> <span class='ocrx_word' id='word_1_209' title='bbox 505 3267 530 3313; x_wconf 92' lang='lat' dir='ltr'>c.</span> <span class='ocrx_word' id='word_1_210' title='bbox 553 3253 583 3313; x_wconf 84' lang='lat'>3.</span> <span class='ocrx_word' id='word_1_211' title='bbox 605 3268 635 3315; x_wconf 92' lang='lat' dir='ltr'>n.</span> <span class='ocrx_word' id='word_1_212' title='bbox 661 3254 704 3327; x_wconf 83' lang='lat'>2.)</span> <span class='ocrx_word' id='word_1_213' title='bbox 727 3248 835 3314; x_wconf 82' lang='lat' dir='ltr'>Sciens</span> <span class='ocrx_word' id='word_1_214' title='bbox 857 3248 1023 3326; x_wconf 90' lang='lat' dir='ltr'>neminem,</span> <span class='ocrx_word' id='word_1_215' title='bbox 1045 3247 1101 3335; x_wconf 85' lang='lat' dir='ltr'>qui</span> <span class='ocrx_word' id='word_1_216' title='bbox 1115 3253 1206 3312; x_wconf 86' lang='lat' dir='ltr'>extra</span> <span class='ocrx_word' id='word_1_217' title='bbox 1221 3247 1314 3313; x_wconf 89' lang='lat' dir='ltr'>unio·</span> 
     </span>
     <span class='ocr_line' id='line_1_31' title="bbox 153 3333 1313 3418; baseline -0.002 -17"><span class='ocrx_word' id='word_1_218' title='bbox 153 3354 225 3401; x_wconf 90' lang='lat' dir='ltr'>nem</span> <span class='ocrx_word' id='word_1_219' title='bbox 248 3337 361 3418; x_wconf 85' lang='lat' dir='ltr'>capitis</span> <span class='ocrx_word' id='word_1_220' title='bbox 384 3342 443 3415; x_wconf 90' lang='lat' dir='ltr'>est,</span> <span class='ocrx_word' id='word_1_221' title='bbox 468 3337 591 3400; x_wconf 89' lang='lat' dir='ltr'>censeri</span> <span class='ocrx_word' id='word_1_222' title='bbox 612 3355 705 3418; x_wconf 89' lang='lat' dir='ltr'>posse</span> <span class='ocrx_word' id='word_1_223' title='bbox 726 3338 809 3401; x_wconf 90' lang='lat' dir='ltr'>inter</span> <span class='ocrx_word' id='word_1_224' title='bbox 830 3334 969 3400; x_wconf 89' lang='lat' dir='ltr'>membra</span> <span class='ocrx_word' id='word_1_225' title='bbox 982 3334 1122 3415; x_wconf 85' lang='lat' dir='ltr'>corporis</span> <span class='ocrx_word' id='word_1_226' title='bbox 1137 3333 1313 3416; x_wconf 86' lang='lat' dir='ltr'>Ecclesiae,</span> 
     </span>
     <span class='ocr_line' id='line_1_32' title="bbox 153 3422 1315 3505; baseline -0.003 -16"><span class='ocrx_word' id='word_1_227' title='bbox 153 3441 247 3505; x_wconf 90' lang='lat' dir='ltr'>quam</span> <span class='ocrx_word' id='word_1_228' title='bbox 270 3423 423 3488; x_wconf 92' lang='lat' dir='ltr'>Dominus</span> <span class='ocrx_word' id='word_1_229' title='bbox 453 3440 549 3503; x_wconf 87' lang='lat' dir='ltr'>super</span> <span class='ocrx_word' id='word_1_230' title='bbox 582 3423 710 3488; x_wconf 87' lang='lat' dir='ltr'>Petrum</span> <span class='ocrx_word' id='word_1_231' title='bbox 743 3422 887 3488; x_wconf 84' lang='lat' dir='ltr'>fundavit</span> <span class='ocrx_word' id='word_1_232' title='bbox 921 3422 1009 3486; x_wconf 88' lang='lat' dir='ltr'>etin</span> <span class='ocrx_word' id='word_1_233' title='bbox 1031 3422 1099 3503; x_wconf 90' lang='lat' dir='ltr'>ejus</span> <span class='ocrx_word' id='word_1_234' title='bbox 1121 3422 1315 3488; x_wconf 88' lang='lat' dir='ltr'>auctoritate</span> 
     </span>
     <span class='ocr_line' id='line_1_33' title="bbox 152 3508 1315 3592; baseline -0.001 -17"><span class='ocrx_word' id='word_1_235' title='bbox 152 3511 311 3577; x_wconf 83' lang='lat' dir='ltr'>solidavit.</span> <span class='ocrx_word' id='word_1_236' title='bbox 347 3508 566 3577; x_wconf 74' lang='lat' dir='ltr'>confiteantur</span> <span class='ocrx_word' id='word_1_237' title='bbox 588 3512 693 3592; x_wconf 88' lang='lat' dir='ltr'>potius</span> <span class='ocrx_word' id='word_1_238' title='bbox 715 3511 878 3575; x_wconf 87' lang='lat' dir='ltr'>nobiseum</span> <span class='ocrx_word' id='word_1_239' title='bbox 901 3515 933 3573; x_wconf 91' lang='lat' dir='ltr'>et</span> <span class='ocrx_word' id='word_1_240' title='bbox 957 3527 1027 3573; x_wconf 90' lang='lat' dir='ltr'>cum</span> <span class='ocrx_word' id='word_1_241' title='bbox 1049 3508 1231 3574; x_wconf 83' lang='lat' dir='ltr'>orthodoxis</span> <span class='ocrx_word' id='word_1_242' title='bbox 1255 3526 1315 3591; x_wconf 92' lang='lat' dir='ltr'>per</span> 
     </span>
     <span class='ocr_line' id='line_1_34' title="bbox 152 3593 1313 3687; baseline -0.002 -24"><span class='ocrx_word' id='word_1_243' title='bbox 152 3598 260 3663; x_wconf 92' lang='lat' dir='ltr'>orbem</span> <span class='ocrx_word' id='word_1_244' title='bbox 293 3603 451 3664; x_wconf 73' lang='lat' dir='ltr'>tenerum</span> <span class='ocrx_word' id='word_1_245' title='bbox 484 3596 623 3663; x_wconf 86' lang='lat' dir='ltr'>fidelium</span> <span class='ocrx_word' id='word_1_246' title='bbox 655 3599 770 3663; x_wconf 87' lang='lat' dir='ltr'>turmis</span> <span class='ocrx_word' id='word_1_247' title='bbox 804 3603 933 3662; x_wconf 89' lang='lat' dir='ltr'>sanctae</span> <span class='ocrx_word' id='word_1_248' title='bbox 954 3596 1114 3687; x_wconf 85' lang='lat' dir='ltr'>Romanae</span> <span class='ocrx_word' id='word_1_249' title='bbox 1145 3593 1313 3663; x_wconf 82' lang='lat' dir='ltr'>Ecclesiae</span> 
     </span>
     <span class='ocr_line' id='line_1_35' title="bbox 153 3682 1314 3766; baseline 0.001 -17"><span class='ocrx_word' id='word_1_250' title='bbox 153 3684 367 3766; x_wconf 90' lang='lat' dir='ltr'>Principatum</span> <span class='ocrx_word' id='word_1_251' title='bbox 390 3693 423 3752; x_wconf 91' lang='lat' dir='ltr'>et</span> <span class='ocrx_word' id='word_1_252' title='bbox 445 3684 603 3751; x_wconf 88' lang='lat' dir='ltr'>Pontificis</span> <span class='ocrx_word' id='word_1_253' title='bbox 622 3685 755 3752; x_wconf 87' lang='lat' dir='ltr'>Romani</span> <span class='ocrx_word' id='word_1_254' title='bbox 770 3685 959 3762; x_wconf 90' lang='lat' dir='ltr'>Primatum;</span> <span class='ocrx_word' id='word_1_255' title='bbox 982 3702 1113 3762; x_wconf 90' lang='lat' dir='ltr'>summa,</span> <span class='ocrx_word' id='word_1_256' title='bbox 1129 3701 1193 3765; x_wconf 92' lang='lat' dir='ltr'>qna</span> <span class='ocrx_word' id='word_1_257' title='bbox 1208 3682 1314 3765; x_wconf 86' lang='lat' dir='ltr'>decet,</span> 
     </span>
     <span class='ocr_line' id='line_1_36' title="bbox 152 3771 1314 3858; baseline 0 -21"><span class='ocrx_word' id='word_1_258' title='bbox 152 3772 272 3854; x_wconf 87' lang='lat' dir='ltr'>pietate</span> <span class='ocrx_word' id='word_1_259' title='bbox 294 3773 458 3839; x_wconf 91' lang='lat' dir='ltr'>nobiscum</span> <span class='ocrx_word' id='word_1_260' title='bbox 481 3777 680 3858; x_wconf 87' lang='lat' dir='ltr'>venerentur,</span> <span class='ocrx_word' id='word_1_261' title='bbox 704 3773 872 3854; x_wconf 84' lang='lat' dir='ltr'>coluntque</span> <span class='ocrx_word' id='word_1_262' title='bbox 887 3771 1125 3837; x_wconf 87' lang='lat' dir='ltr'>Sanctissimum</span> <span class='ocrx_word' id='word_1_263' title='bbox 1141 3771 1314 3837; x_wconf 89' lang='lat' dir='ltr'>Dominum</span> 
     </span>
     <span class='ocr_line' id='line_1_37' title="bbox 154 3856 1315 3941; baseline -0.001 -17"><span class='ocrx_word' id='word_1_264' title='bbox 154 3865 298 3925; x_wconf 87' lang='lat' dir='ltr'>nostrum</span> <span class='ocrx_word' id='word_1_265' title='bbox 326 3859 433 3938; x_wconf 91' lang='lat' dir='ltr'>Pium,</span> <span class='ocrx_word' id='word_1_266' title='bbox 469 3860 576 3938; x_wconf 72' lang='lat' dir='ltr'>dimna</span> <span class='ocrx_word' id='word_1_267' title='bbox 608 3860 808 3941; x_wconf 85' lang='lat' dir='ltr'>providentia</span> <span class='ocrx_word' id='word_1_268' title='bbox 829 3860 949 3940; x_wconf 87' lang='lat' dir='ltr'>Papam</span> <span class='ocrx_word' id='word_1_269' title='bbox 971 3857 1025 3937; x_wconf 82' lang='lat' dir='ltr'>IX,</span> <span class='ocrx_word' id='word_1_270' title='bbox 1055 3876 1113 3923; x_wconf 90' lang='lat' dir='ltr'>cen</span> <span class='ocrx_word' id='word_1_271' title='bbox 1136 3856 1315 3938; x_wconf 83' lang='lat' dir='ltr'>legitimum</span> 
     </span>
     <span class='ocr_line' id='line_1_38' title="bbox 151 3943 1311 4029; baseline 0 -17"><span class='ocrx_word' id='word_1_272' title='bbox 151 3946 307 4029; x_wconf 84' lang='lat' dir='ltr'>Principis</span> <span class='ocrx_word' id='word_1_273' title='bbox 330 3944 555 4028; x_wconf 83' lang='lat' dir='ltr'>Apostolorum</span> <span class='ocrx_word' id='word_1_274' title='bbox 577 3965 804 4026; x_wconf 82' lang='lat' dir='ltr'>successorem,</span> <span class='ocrx_word' id='word_1_275' title='bbox 826 3946 904 4011; x_wconf 84' lang='lat' dir='ltr'>d‘esu</span> <span class='ocrx_word' id='word_1_276' title='bbox 916 3943 1036 4010; x_wconf 82' lang='lat' dir='ltr'>Christi</span> <span class='ocrx_word' id='word_1_277' title='bbox 1058 3945 1201 4009; x_wconf 89' lang='lat' dir='ltr'>interris</span> <span class='ocrx_word' id='word_1_278' title='bbox 1217 3945 1311 4012; x_wconf 88' lang='lat' dir='ltr'>Vica-</span> 
     </span>
     <span class='ocr_line' id='line_1_39' title="bbox 152 4031 1315 4118; baseline 0.002 -22"><span class='ocrx_word' id='word_1_279' title='bbox 152 4033 244 4112; x_wconf 88' lang='lat' dir='ltr'>rium,</span> <span class='ocrx_word' id='word_1_280' title='bbox 269 4051 450 4118; x_wconf 87' lang='lat' dir='ltr'>supremum</span> <span class='ocrx_word' id='word_1_281' title='bbox 472 4032 557 4099; x_wconf 80' lang='lat' dir='ltr'>fidei</span> <span class='ocrx_word' id='word_1_282' title='bbox 568 4033 729 4100; x_wconf 88' lang='lat' dir='ltr'>doctorem</span> <span class='ocrx_word' id='word_1_283' title='bbox 751 4040 784 4099; x_wconf 88' lang='lat' dir='ltr'>et</span> <span class='ocrx_word' id='word_1_284' title='bbox 807 4035 897 4098; x_wconf 80' lang='lat' dir='ltr'>navis</span> <span class='ocrx_word' id='word_1_285' title='bbox 913 4031 1032 4098; x_wconf 84' lang='lat' dir='ltr'>Christi</span> <span class='ocrx_word' id='word_1_286' title='bbox 1054 4032 1315 4114; x_wconf 84' lang='lat' dir='ltr'>gubernatorem,</span> 
     </span>
     <span class='ocr_line' id='line_1_40' title="bbox 150 4119 1312 4204; baseline 0 -20"><span class='ocrx_word' id='word_1_287' title='bbox 150 4119 204 4184; x_wconf 87' lang='lat' dir='ltr'>cui</span> <span class='ocrx_word' id='word_1_288' title='bbox 235 4120 425 4200; x_wconf 67' lang='lat' dir='ltr'>ridebasima</span> <span class='ocrx_word' id='word_1_289' title='bbox 453 4121 630 4189; x_wconf 74' lang='lat' dir='ltr'>obedieutiae</span> <span class='ocrx_word' id='word_1_290' title='bbox 652 4123 813 4204; x_wconf 79' lang='lat' dir='ltr'>arrimr‘qrre</span> <span class='ocrx_word' id='word_1_291' title='bbox 836 4140 986 4186; x_wconf 75' lang='lat' dir='ltr'>assensus</span> <span class='ocrx_word' id='word_1_292' title='bbox 1009 4119 1049 4185; x_wconf 82' lang='lat' dir='ltr'>ab</span> <span class='ocrx_word' id='word_1_293' title='bbox 1071 4119 1226 4195; x_wconf 71' lang='lat' dir='ltr'>mades,</span> <span class='ocrx_word' id='word_1_294' title='bbox 1251 4123 1312 4201; x_wconf 78' lang='lat' dir='ltr'>qai</span> 
     </span>
     <span class='ocr_line' id='line_1_41' title="bbox 154 4205 1316 4291; baseline 0.003 -20"><span class='ocrx_word' id='word_1_295' title='bbox 154 4205 199 4271; x_wconf 83' lang='lat' dir='ltr'>od</span> <span class='ocrx_word' id='word_1_296' title='bbox 228 4206 306 4272; x_wconf 72' lang='lat' dir='ltr'>orric</span> <span class='ocrx_word' id='word_1_297' title='bbox 337 4207 457 4275; x_wconf 61' lang='lat' dir='ltr'>Gema</span> <span class='ocrx_word' id='word_1_298' title='bbox 478 4210 645 4291; x_wconf 74' lang='lat' dir='ltr'>pertraere</span> <span class='ocrx_word' id='word_1_299' title='bbox 665 4210 790 4287; x_wconf 78' lang='lat' dir='ltr'>voleat,</span> <span class='ocrx_word' id='word_1_300' title='bbox 806 4213 1001 4288; x_wconf 80' lang='lat' dir='ltr'>praestetur.</span> <span class='ocrx_word' id='word_1_301' title='bbox 1047 4205 1256 4273; x_wconf 73' lang='lat' dir='ltr'>perieramus</span> <span class='ocrx_word' id='word_1_302' title='bbox 1281 4215 1316 4274; x_wconf 91' lang='lat' dir='ltr'>et</span> 
     </span>
     <span class='ocr_line' id='line_1_42' title="bbox 152 4291 1315 4374; baseline 0.003 -16"><span class='ocrx_word' id='word_1_303' title='bbox 152 4294 312 4374; x_wconf 85' lang='lat' dir='ltr'>docemus,</span> <span class='ocrx_word' id='word_1_304' title='bbox 336 4293 419 4361; x_wconf 88' lang='lat' dir='ltr'>hanc</span> <span class='ocrx_word' id='word_1_305' title='bbox 433 4294 568 4363; x_wconf 86' lang='lat' dir='ltr'>Romani</span> <span class='ocrx_word' id='word_1_306' title='bbox 582 4295 742 4361; x_wconf 78' lang='lat' dir='ltr'>Pontificio</span> <span class='ocrx_word' id='word_1_307' title='bbox 757 4295 982 4359; x_wconf 87' lang='lat' dir='ltr'>auctoritatem</span> <span class='ocrx_word' id='word_1_308' title='bbox 997 4312 1015 4358; x_wconf 85' lang='lat' dir='ltr'>a</span> <span class='ocrx_word' id='word_1_309' title='bbox 1032 4291 1158 4360; x_wconf 80' lang='lat' dir='ltr'>Christo</span> <span class='ocrx_word' id='word_1_310' title='bbox 1175 4295 1315 4362; x_wconf 85' lang='lat' dir='ltr'>Domino</span> 
     </span>
    </p>
   </div>
   <div class='ocr_carea' id='block_1_7' title="bbox 0 0 1478 4942">
    <p class='ocr_par' dir='ltr' id='par_1_9' title="bbox 0 0 1478 4942">
     <span class='ocr_line' id='line_1_43' title="bbox 0 0 1478 4942; baseline 0 0"><span class='ocrx_word' id='word_1_311' title='bbox 0 0 1478 4942; x_wconf 95' lang='lat' dir='ltr'> </span> 
     </span>
    </p>
   </div>
  </div>
 </body>
</html>
