2946 4942
559 1129 722 1204 snoum
750 1131 911 1202 nunus.

261 1298 608 1400 SGHEMATA
641 1295 1222 1414 oonsuluumonuiu,

359 1472 474 1552 QUAE
498 1472 736 1540 PERTINENT
759 1473 817 1536 AD
840 1471 1120 1540 DISCIPLINAM.

658 1650 816 1659 ———-

614 1787 644 1869 1.
683 1784 870 1869 Sdlllllid

532 1943 601 2009 uu
633 1941 943 2009 nnusooeus.

646 2133 783 2201 CAPUT
806 2134 830 2199 I.

515 2273 567 2338 De
589 2275 693 2356 officio
716 2245 958 2354 Episcoporum.

262 2413 420 2491 Quoniam
444 2419 564 2495 quanta
585 2418 635 2479 est
651 2412 908 2494 Praepositorum
924 2411 1071 2493 dignitas,
1095 2418 1220 2477 tantum
1241 2414 1319 2495 ipsis

147 2502 310 2568 incumbit
325 2499 501 2566 officiorum
517 2518 606 2580 onus,
630 2501 711 2565 serio
735 2498 932 2565 considerent
947 2499 1001 2580 qui
1023 2517 1042 2563 a
1057 2497 1177 2581 Spiritu
1200 2499 1318 2568 Sancto

152 2589 254 2671 positi
283 2593 358 2654 sunt
380 2586 529 2670 Episcopi
559 2606 671 2670 regere
694 2587 870 2652 Ecclesiam
902 2586 975 2665 Dei,
1009 2604 1089 2666 quas
1117 2605 1265 2652 curarum
1286 2593 1320 2654 et

153 2675 366 2742 solicitudinis
381 2682 489 2756 partes
512 2675 606 2757 hujus
622 2675 707 2755 quod
729 2680 845 2756 gerunt
859 2672 1049 2739 formidandi
1063 2675 1203 2740 muneris
1218 2675 1319 2741 honor

152 2764 309 2846 imponat.
358 2761 536 2845 Episcopus
565 2763 648 2828 enim
672 2761 842 2828 concrediti
869 2761 929 2826 sibi
951 2761 1058 2843 gregis
1081 2761 1253 2828 utilitatem
1275 2763 1320 2827 sio

137 2851 238 2916 -tueni
264 2850 368 2928 debet,
393 2855 430 2914 ut
452 2868 667 2930 quaecumque
682 2850 750 2932 agit
773 2849 815 2913 ad
837 2867 907 2913 eam
922 2847 1049 2927 referat,
1074 2855 1206 2930 paratus
1222 2850 1319 2915 etiam

149 2938 295 3003 animum
319 2955 409 3002 suam
439 2955 557 3018 ponere
588 2955 645 3018 pro
668 2937 779 3003 ovibus
802 2936 880 3015 suis,
913 2941 945 3000 et
968 2937 1013 3002 sic
1041 2938 1146 3001 omnia
1170 2954 1242 3001 cum
1263 2936 1317 3002 illo

154 3025 336 3091 communia
365 3025 596 3106 conjunctaque
624 3023 757 3102 habere,
793 3029 829 3088 ut
856 3024 955 3105 ipsius
988 3023 1122 3087 salutem
1146 3023 1235 3088 lucro
1258 3023 1320 3088 sibi

146 3117 311 3194 apponat,
341 3129 493 3192 suamque
517 3112 674 3178 existimet
700 3111 858 3192 J'acturam
891 3111 919 3175 si
948 3110 1025 3190 quid
1060 3110 1184 3175 adversi
1218 3110 1320 3176 eidem

152 3201 292 3278 eveniat,
319 3198 375 3263 illa
399 3199 541 3280 Apostoli
564 3198 714 3263 Gentium
744 3198 851 3263 dicens
885 3196 981 3277 ,Quis
1004 3195 1182 3263 infirmatur
1205 3201 1237 3262 et
1260 3216 1319 3280 ego

152 3305 218 3352 non
240 3284 405 3351 infirmor?
428 3287 500 3367 quis
523 3285 758 3352 scandalizatur
783 3294 815 3350 et
837 3304 896 3366 ego
918 3303 982 3350 non
1005 3285 1120 3350 uror?“
1136 3287 1159 3367 1)
1203 3285 1320 3362 Quam·
1448 3316 1451 3320 ⁸

153 3375 266 3439 obrem
301 3390 407 3438 omnes
438 3372 612 3455 Episcopus
646 3377 678 3437 et
709 3372 850 3438 locorum
878 3371 1078 3451 Ordinarios,
1113 3374 1196 3437 sacri
1228 3374 1320 3456 hujus

153 3462 386 3542 approbatione
402 3458 542 3541 Concilii,
565 3461 599 3525 in
615 3461 749 3526 Domino
773 3477 936 3525 monemus
960 3479 999 3525 ac
1021 3458 1225 3524 vehementer
1247 3460 1321 3525 hor·

151 3555 276 3626 tamur,
312 3554 349 3612 ut
379 3547 517 3611 divinum
547 3548 586 3612 de
616 3566 650 3613 se
669 3548 820 3630 judicium
844 3553 1066 3628 agnoscentes,
1103 3554 1135 3612 et
1165 3565 1320 3614 memores

152 3635 362 3714 gravissimae
386 3653 449 3715 qua
481 3641 629 3699 tenentur
652 3633 853 3716 obligationis
877 3634 1020 3714 vigilent,
1052 3635 1083 3698 in
1107 3635 1251 3700 omnibus
1273 3635 1321 3699 la-

155 3721 284 3801 borent,
317 3740 355 3787 ac
386 3722 596 3787 ministerium
627 3739 719 3786 suum
742 3722 903 3803 impleant.
915 3725 938 3796 2)
992 3720 1183 3802 Praeprimis
1213 3726 1320 3787 autem

158 3807 286 3873 uideant
316 3827 356 3873 ne
387 3814 435 3873 tot
465 3827 606 3873 erronum
636 3809 772 3889 undique
799 3810 865 3891 jam
897 3808 1057 3873 exundans
1089 3808 1253 3889 colluvies,
1289 3815 1321 3874 et

157 3895 307 3961 uitiorum
341 3915 422 3977 quae
456 3915 539 3960 nunc
574 3898 701 3978 impune
736 3897 917 3960 dominatur
950 3897 1078 3960 licentia
1116 3896 1321 3961 christianam

161 3997 253 4059 quam
275 3989 392 4065 regunt
413 3983 537 4065 plebem
560 3985 593 4049 in
609 4002 741 4065 pravum
763 4001 889 4049 sensum
913 3983 1051 4047 adducat
1074 3990 1105 4048 et
1129 3990 1319 4072 corrumpat,

269 4211 288 4276 1)
309 4211 345 4266 ΙΙ.
364 4210 485 4291 Corinth.
506 4210 552 4266 XI.
572 4214 613 4264 29.

268 4281 289 4347 a)
312 4279 392 4334 Cone.
412 4280 486 4333 Trnd.
505 4295 574 4334 sess.
593 4280 639 4336 Vl.
659 4295 717 4348 cap.
739 4281 761 4331 l.
781 4279 814 4333 de
833 4278 954 4333 Reform.
