2946 4942
154 292 196 353 56
429 303 549 351 senuna
571 301 813 352 oonsrrromoms
836 304 1029 354 manserein
1136 306 1139 313 ’

152 444 236 511 libus
258 445 358 509 utitur
380 449 413 508 et
431 444 562 525 juvatur
582 447 743 524 tamquam
765 443 877 508 mediis
900 444 942 508 ad
964 445 1104 511 divinam
1117 464 1221 511 snam
1244 445 1320 511 mis·

153 533 274 597 sionem
307 530 539 613 adimplendam
573 535 605 595 et
637 530 679 594 ad
713 527 807 594 finem
840 531 901 596 sibi
933 549 954 595 a
988 530 1116 598 Christo
1144 533 1319 599 Salvatore

153 619 347 700 propositum
372 618 611 699 assequendum.
656 617 706 682 Ad
727 617 811 683 hanc
834 619 919 683 enim
941 637 1033 684 snam
1056 621 1242 686 missionem
1260 620 1320 686 Ec-

153 705 250 772 clesia
273 706 403 771 visibilis
426 725 466 770 ex
487 711 601 771 natura
624 722 682 770 sua
705 711 738 770 et
754 706 913 771 exdivina
934 708 1133 774 institutione
1151 710 1319 775 ministros

152 794 299 876 proprios
321 794 419 859 habet
441 813 479 857 ex
500 791 677 859 hominibus
699 799 878 873 assumptos
901 799 935 859 et
957 813 1015 876 pro
1038 795 1218 863 hominibus
1244 815 1319 863 con-

152 882 298 961 stitutos,
333 883 387 962 qui
420 900 482 946 non
516 882 666 963 potestati
699 880 851 945 saeculari
885 883 1104 963 subordinati,
1128 884 1186 948 sed
1209 885 1253 950 ab
1278 903 1318 950 ea

151 968 400 1051 independentes
423 969 520 1034 sacris
543 969 723 1032 muneribus
746 966 935 1050 iungantnr3
958 975 1054 1051 atque
1077 971 1149 1036 ideo
1169 971 1245 1053 jure
1258 989 1318 1038 suo

152 1054 294 1122 Ecclesia
317 1057 363 1121 eis
386 1056 546 1138 prospicit,
571 1060 607 1119 ut
626 1057 716 1138 juxta
738 1056 966 1121 ordinationem
979 1059 1114 1138 Domini,
1137 1061 1194 1139 qui
1216 1078 1317 1125 evan-

151 1143 269 1225 gelium
292 1145 488 1222 annuntiant,
513 1142 552 1207 de
575 1142 737 1224 evangelio
760 1143 913 1228 rivantzl)
930 1143 1132 1226 ejusdemque
1147 1145 1318 1212 Ecclesiae

152 1232 236 1297 sicut
257 1228 393 1296 officium
416 1232 461 1295 ita
479 1231 639 1313 proprium
648 1232 702 1312 jus
718 1235 776 1309 est,
789 1231 975 1311 providendi
987 1237 1055 1298 tum
1068 1233 1176 1300 decori
1192 1236 1319 1301 externi

153 1317 253 1387 divini
275 1318 388 1398 cultus,
412 1325 479 1384 tum
502 1318 727 1400 multiplicibus
745 1319 955 1400 indigentium
967 1323 1181 1387 membrorum
1193 1319 1320 1388 christi

152 1405 405 1485 necessitatibus
430 1411 498 1471 tum
520 1406 599 1485 aliis,
613 1424 694 1487 quae
707 1413 887 1488 opportuna
898 1408 1101 1489 judicaverit,
1119 1409 1318 1476 christianae

152 1492 319 1561 charitatis
353 1498 385 1557 et
408 1493 538 1576 pietatis
561 1495 717 1575 operibus.
764 1494 821 1558 llis
843 1513 919 1560 vero
943 1498 1125 1563 muneribus
1148 1496 1318 1563 Ecclesiae

152 1586 249 1663 atquo
271 1577 379 1645 officiis
402 1581 608 1662 exsequendis
632 1601 703 1646 cum
726 1581 899 1647 secundum
922 1583 1064 1648 ordinem
1092 1585 1218 1648 divinae
1242 1604 1318 1667 pro·

154 1667 312 1735 uideatiuo
334 1668 417 1735 bona
439 1669 628 1751 temporalia
650 1670 860 1748 subserviant,
885 1688 962 1735 sane
974 1669 1053 1734 illud
1062 1669 1114 1749 jus
1125 1673 1317 1752 acquirendi

153 1774 191 1823 ac
213 1754 393 1838 possidendi
415 1756 508 1822 titulo
524 1759 737 1839 proprietatis
753 1758 838 1839 quod
848 1776 933 1823 mere
945 1758 1091 1823 humanis
1105 1760 1318 1826 societatibus

153 1843 291 1923 legitime
323 1845 505 1910 constitutis
539 1853 718 1927 competere
742 1851 862 1926 potest,
885 1847 919 1911 in
941 1846 1084 1911 Ecclesia
1106 1865 1169 1912 uon
1193 1847 1316 1930 deficit,

153 1930 210 2001 scd
232 1930 264 1997 in
287 1948 333 2011 oa,
358 1936 394 1997 ut
416 1933 448 1999 iu
470 1932 622 1999 societate
646 1933 795 1999 divinitus
819 1939 852 1999 et
875 1935 916 1999 ad
938 1933 1082 1999 altiorem
1105 1933 1200 1999 finem
1222 1937 1319 2002 insti-

153 2024 224 2087 tuta
247 2023 279 2084 ot
301 2018 341 2085 ab
365 2020 502 2103 imperiis
525 2020 691 2086 mundanis
714 2021 954 2102 independente,
979 2023 1076 2086 etiam
1098 2025 1241 2089 sanctius
1266 2034 1318 2090 est

152 2126 191 2176 ac
219 2108 390 2189 suprarioris
425 2108 558 2189 ordinis,
594 2110 669 2190 quia
696 2109 780 2175 bona
814 2109 993 2192 hujusmodi
1027 2112 1159 2192 mystico
1183 2117 1316 2193 corpori

152 2194 281 2275 (lirristi,
306 2200 337 2260 ct
360 2215 417 2278 por
439 2195 498 2261 hoo
521 2197 579 2277 ipsi
603 2195 729 2263 Christo
751 2198 820 2281 Deo
843 2198 1010 2278 specialius
1033 2199 1138 2262 dicata
1160 2204 1247 2263 sunt.

258 2284 365 2362 Quare
387 2284 543 2353 docemus.
569 2284 738 2364 Ecclesiae,
755 2291 791 2349 ut
813 2285 957 2351 societati
980 2284 1096 2349 visibili
1112 2285 1212 2351 aDeo
1228 2287 1317 2351 inter

153 2370 293 2443 homiues
327 2372 535 2453 constitutae,
561 2373 614 2454 jus
637 2391 724 2454 esse,
755 2374 837 2440 bona
860 2373 1049 2454 temporalia
1071 2374 1258 2455 acquirendi
1282 2380 1315 2441 et

154 2458 350 2545 possidendi,
375 2479 477 2545 neque
510 2462 569 2527 hoc
592 2459 664 2541 jure
698 2479 769 2526 eam
796 2480 815 2526 a
837 2461 949 2542 quavis
971 2464 1130 2542 potestate
1153 2461 1314 2527 saeculari

152 2546 269 2701 {salvari
300 2565 409 2631 posso3
443 2568 480 2615 ao
510 2554 679 2631 prepterea
706 2548 884 2631 praedictos
905 2565 1028 2613 errores
1052 2548 1256 2627 damnamus,
1281 2555 1316 2614 et

165 2653 239 2715 ages
263 2635 376 2717 quibus
399 2640 503 2702 status
526 2635 674 2719 politicus
696 2641 847 2718 tanquam
870 2655 909 2699 er
930 2653 1077 2716 supremo
1096 2637 1171 2718 jure
1188 2637 1249 2702 sibi
1265 2637 1313 2702 in·

152 2722 303 2875 gaalreute
327 2724 410 2791 baua
431 2723 644 2790 ecclesiastica
667 2730 809 2806 usurpat,
833 2724 970 2807 iujustas
1001 2722 1206 2804 spoliationes
1239 2741 1314 2790 esse

173 2827 210 2875 oc
223 2828 357 2876 aramus.

258 2897 345 2963 Haec
366 2904 450 2978 suut,
473 2917 556 2980 quae
578 2900 754 2981 generatim
765 2901 867 2963 visum
879 2898 976 2963 Nobis
994 2905 1052 2978 est,
1067 2896 1187 2963 Christi
1200 2895 1315 2966 fideles

153 2984 237 3051 circa
259 2984 434 3052 Ecclesiam
456 2986 574 3053 Christi
609 2987 736 3068 docere3
768 2987 818 3052 his
848 2991 956 3050 autem
979 2986 1137 3052 contraria
1160 2985 1256 3051 certis
1281 2993 1316 3053 et

153 3074 287 3155 propriis
310 3071 490 3140 Curionibus
520 3075 553 3140 in
575 3074 659 3141 hunc
681 3076 736 3157 qui
758 3075 900 3156 sequitur
923 3073 1052 3138 modum
1075 3073 1241 3154 damnare,
1277 3081 1316 3141 ut

153 3177 271 3242 omnes,
294 3161 465 3243 adjuvante
486 3161 614 3230 Christo
637 3163 710 3229 fidei
733 3163 843 3244 regula
865 3165 1001 3239 utentes,
1019 3159 1207 3225 catholicam
1230 3161 1316 3226 veri·

152 3252 251 3315 tatem
273 3248 396 3317 facilius
418 3268 592 3333 agnoscere
613 3257 647 3316 et
668 3256 778 3316 tenere
800 3251 929 3332 possint.

263 3493 283 3561 ¹)
301 3493 343 3549 Cf.
361 3495 382 3548 1.
401 3493 463 3551 Oor.
482 3495 530 3549 nt
551 3494 592 3548 14.
