2946 4942
655 318 815 371 statuant
860 372 863 378 ,

638 491 777 559 CAPUT
799 491 840 558 ΙΙ.

263 634 313 698 Ad
334 632 419 698 vitae
435 630 592 713 perfectae
615 633 787 698 communis
802 630 1028 713 professionem
1050 633 1148 699 etiam
1169 633 1207 699 in
1220 631 1321 713 Sanc·

149 720 362 790 timonialium
386 718 586 786 Monasteriis
621 719 911 800 constabiliendam,
945 724 1073 802 praeter
1104 739 1143 787 ea
1172 717 1256 804 quae
1287 722 1319 788 iu

152 807 363 894 praecedenti
393 806 497 888 capite
525 825 582 888 pro
611 806 768 888 religiosis
798 806 875 873 viris
905 805 1006 873 allata
1028 814 1111 888 sunt,
1148 808 1320 893 peculiaris

157 897 257 964 veluti
278 896 358 960 ratio
382 895 549 975 concurrit,
584 893 758 977 periculum
786 912 899 977 nempe
927 894 1176 962 aemulationum
1198 915 1238 964 ac
1259 897 1320 967 dir·

157 984 356 1062 tractionum,
392 981 476 1063 quod
497 981 530 1046 in
554 981 599 1046 eis
628 981 731 1063 majus
754 985 813 1062 est,
847 981 1036 1049 removendi.
1095 982 1195 1051 Sacro
1223 984 1320 1075 igitur

15 1149 23 1155 ,
149 1071 353 1154 ,approbante
381 1067 519 1134 Concilio
549 1068 630 1134 haec
662 1067 841 1160 statuimus,
876 1069 1071 1136 decernimus
1099 1076 1198 1152 abque
1230 1089 1320 1154 prae·

158 1159 333 1225 scribimus.

263 1243 393 1311 Nullum
415 1244 448 1309 in
469 1247 631 1326 posterum
647 1241 942 1309 sanctimonialium
958 1260 1074 1309 novum
1088 1243 1318 1315 Monasterium

149 1334 311 1414 tangatur,
346 1329 514 1396 ueletiam
545 1331 584 1395 de
607 1331 676 1394 inre
706 1329 757 1395 vel
780 1330 818 1394 de
848 1329 933 1396 facto
964 1334 1088 1396 tautum
1113 1349 1319 1415 suppressum

158 1421 348 1486 restituatur
378 1418 445 1482 sine
461 1435 616 1499 expressa
639 1417 816 1483 conditione
839 1421 873 1483 st
894 1417 964 1500 lege
986 1418 1019 1484 in
1041 1425 1234 1501 perpetuum
1256 1437 1318 1485 ser·

150 1508 280 1573 rendae
301 1506 385 1570 ritae
409 1503 568 1588 perfectae
597 1505 783 1583 communis3
818 1522 910 1572 secus
934 1505 1050 1572 erectio
1082 1505 1134 1570 vel
1161 1506 1318 1572 restitutio

158 1595 251 1660 irrita
266 1610 396 1675 prorsus
412 1592 575 1659 habeatur.
609 1591 773 1671 Moniales,
797 1609 878 1673 quae
894 1593 928 1657 in
950 1591 1102 1674 praefatis
1118 1595 1318 1661 monasteriis

159 1687 235 1746 vota
265 1680 423 1758 emittunt,
456 1683 627 1761 praecepto
659 1680 800 1761 ejusdem
830 1679 917 1746 vitae
946 1681 1119 1755 communis
1146 1681 1320 1747 servandae

149 1768 285 1833 ‚omnino
312 1772 492 1833 teneantur.
548 1767 796 1847 Postulantibus,
831 1785 913 1848 quae
936 1767 1165 1834 Monosterium
1198 1769 1320 1852 ingredi

151 1854 271 1921 vnolunt
285 1855 326 1919 ad
341 1851 486 1920 effectum
500 1852 679 1935 profitendi,
691 1859 894 1935 praeceptum
905 1853 991 1921 illius
1006 1855 1091 1921 ritae
1103 1855 1320 1935 recondetas,

149 1943 245 2024 „quod
268 1941 371 2006 denuo
394 1938 464 2007 fieri
487 1941 600 2008 debeat
622 1944 792 2022 antequam
808 1942 981 2008 monastico
1003 1941 1115 2008 habitu
1137 1943 1320 2011 induantur.

159 2028 305 2095 Novitiae
327 2047 403 2094 vero
426 2033 499 2094 ante
534 2027 760 2111 professionem
793 2027 892 2094 vitam
914 2029 1017 2112 ipsam
1043 2029 1218 2111 perfectam
1240 2048 1320 2097 com·

159 2135 296 2197 munem,
319 2115 347 2181 si
368 2121 444 2181 vota
466 2116 614 2180 emittant
635 2117 669 2180 in
691 2114 893 2196 Monasterio,
917 2117 950 2183 in
973 2134 1035 2199 qno
1059 2135 1098 2182 ca
1120 2117 1238 2200 uigeat,
1270 2136 1321 2184 ex-

160 2220 271 2287 presse
293 2202 518 2285 polliceantur:
550 2203 578 2267 si
600 2221 674 2268 vero
697 2204 730 2267 in
752 2204 953 2284 monasterio,
980 2205 1014 2268 in
1036 2221 1103 2286 qno
1121 2204 1265 2271 nondum
1286 2223 1321 2271 ea

152 2291 341 2362 introducta
364 2291 414 2372 sit,
437 2287 578 2371 polliceri
601 2289 747 2367 debeant,
770 2307 841 2356 sees
863 2297 994 2373 paratas
1017 2308 1087 2357 esse
1111 2292 1154 2357 ad
1177 2292 1321 2359 eamdem

152 2377 412 2460 ,amplectendam
436 2377 546 2442 statim
567 2395 604 2442 ac
627 2395 646 2443 a
669 2377 883 2458 superioribus
905 2379 1064 2444 introduci
1086 2378 1173 2445 velit.

265 2465 303 2530 In
318 2463 610 2530 sanctimonialium
625 2464 825 2530 monasteriis
837 2466 904 2548 jam
920 2466 1135 2549 existentibus,
1159 2466 1193 2531 in
1208 2465 1320 2548 quibus

152 2553 227 2617 ¹rita
250 2551 421 2616 communis
444 2550 586 2635 perfecta
608 2570 672 2616 non
690 2552 783 2634 viget,
806 2551 965 2636 Episcopi,
987 2552 1038 2619 rel
1061 2552 1117 2619 alii
1130 2554 1320 2636 superiores,

151 2639 273 2721 ,qubus
295 2639 488 2705 monasteria
511 2639 655 2721 subjecta
678 2645 761 2719 sunt,
791 2640 832 2704 ad
856 2659 924 2705 eam
946 2640 1226 2722 praescribendam
1248 2659 1322 2724 pru·

161 2726 274 2792 denter
295 2744 329 2791 se
353 2743 463 2808 gerere
486 2726 612 2806 debent,
635 2745 675 2791 ne
697 2743 786 2791 secus
803 2729 925 2809 majora
946 2728 1146 2793 incommoda
1168 2729 1320 2795 oriantrur.

161 2812 365 2895 Perpendant
390 2813 537 2877 nimirum
567 2813 740 2895 peculiaria
763 2832 868 2878 rerum
896 2815 1054 2896 adiuncta,
1086 2821 1120 2881 st
1143 2816 1172 2880 si
1204 2815 1245 2881 de
1267 2815 1319 2880 illa

153 2900 389 2970 introducenda
411 2901 444 2964 in
466 2900 601 2965 Domino
624 2919 719 2982 agere
737 2901 960 2983 judicaverint,
983 2920 1046 2967 non
1061 2902 1318 2969 comminationes

153 2986 342 3065 adhibeant,
358 2986 415 3051 sed
429 2986 582 3055 Moniales
598 2988 639 3052 ad
662 2992 842 3069 exoptatam
856 2989 1041 3070 disciplinae
1056 2990 1317 3057 restaurationem

161 3076 303 3155 paternis
341 3073 613 3141 adhortationibus
652 3080 685 3139 et
718 3075 934 3157 spiritualibus
976 3077 1132 3143 exercitiis
1171 3095 1317 3143 revocare

154 3167 284 3229 curent.
329 3161 469 3227 Audiant
490 3163 578 3244 prius
601 3180 710 3227 omnes
733 3168 766 3228 et
788 3163 936 3245 singulas,
961 3168 998 3228 ut
1020 3164 1118 3245 probe
1140 3164 1317 3247 exploretur

154 3267 273 3314 earum
296 3249 428 3329 animus,
453 3267 491 3314 ac
513 3258 600 3315 cerm
624 3249 886 3332 deprehendatur,
917 3269 999 3332 quas
1020 3251 1204 3335 hujusmodi
1226 3249 1316 3319 refor-

157 3335 294 3401 mationi
315 3334 452 3401 libenter
475 3337 680 3418 acquiescant
702 3343 757 3401 ant
780 3343 890 3403 contra
913 3338 1125 3419 obluctentur,
1148 3343 1182 3407 et
1204 3339 1315 3421 quon

162 3440 293 3488 numero
315 3429 540 3488 recenseantur
554 3424 636 3504 illae,
661 3443 743 3505 quae
758 3429 865 3490 aetate
880 3430 937 3491 aut
952 3425 1144 3492 auctoritate
1159 3426 1314 3508 graviores

161 3509 329 3577 habentur.
385 3510 420 3576 Si
445 3512 547 3594 maj0r
576 3530 650 3593 pars
680 3517 825 3593 paratam
857 3512 898 3576 ad
929 3512 1186 3578 reformationem
1214 3531 1251 3579 se
1271 3530 1314 3577 er·

159 3596 281 3674 bibent,
316 3598 434 3679 poterit
457 3599 641 3680 Episcopus,
675 3599 726 3663 vel
748 3598 829 3664 clius
852 3600 1005 3680 superior,
1028 3599 1089 3664 nisi
1112 3599 1207 3665 aliter
1230 3599 1261 3665 ei
1279 3598 1314 3664 ob

162 3684 337 3766 peculiares
361 3703 474 3751 causas
494 3685 651 3766 'videatun
680 3687 776 3751 vitam
801 3704 998 3752 communem
1030 3686 1205 3769 perfectam
1227 3687 1314 3752 intro

157 3771 287 3848 ducere,
320 3770 485 3838 tolerando
508 3776 544 3837 nt
566 3779 736 3839 renuentes
758 3773 791 3837 in
813 3774 911 3854 priori
934 3778 1021 3839 statu
1044 3778 1257 3852 remaneant3=
1277 3773 1315 3839 ita

155 3862 268 3924 tamen
301 3863 337 3923 nt
368 3861 455 3940 ipsae
485 3865 654 3925 teneantur
681 3862 712 3926 in
747 3878 875 3941 capsam
910 3878 1105 3927 communem
1139 3859 1316 3931 monasterii

161 3945 330 4028 pecuniam
352 3945 479 4024 inferre;
512 3966 571 4013 nec
593 3967 631 4013 ea
653 3950 700 4012 uti
722 3949 852 4030 possint,
882 3948 943 4014 nisi
963 3949 1004 4014 ad
1028 3966 1102 4014 suos
1125 3948 1315 4016 necessarios

155 4033 373 4116 'honestosque
395 4052 480 4115 usus,
504 4034 636 4101 obtenta
658 4035 745 4117 prius
769 4054 788 4099 a
811 4036 1020 4117 superiorissa
1048 4036 1183 4119 singulis
1205 4035 1316 4102 simbus

162 4119 298 4185 licentia.
354 4122 382 4186 Ε
405 4130 515 4188 contra
537 4123 565 4187 si
592 4125 694 4206 major
723 4121 905 4191 monialium
932 4141 1007 4204 pars
1029 4121 1250 4190 reformationi
1271 4122 1318 4190 ob

162 4206 266 4286 sistat,
301 4209 343 4273 ad
372 4209 460 4275 aliud
488 4211 696 4292 opportunius
727 4215 853 4292 tempus
886 4208 1057 4276 differenda
1086 4229 1138 4277 res
1163 4211 1242 4291 erit3
1275 4207 1319 4276 rel

162 4293 273 4358 saltem
297 4295 339 4359 ad
354 4295 386 4363 id
409 4298 569 4379 temporis,
592 4315 654 4379 quo
670 4297 834 4380 Monialee,
857 4315 940 4379 quae
961 4298 993 4364 in
1017 4296 1215 4379 professione
1229 4301 1320 4367 mmm
