2946 4942
152 313 216 374 108
656 321 827 370 Possumne

151 462 303 529 Nicolaus
325 460 416 543 Papa
437 460 471 525 in
493 459 665 541 Responsis
688 457 729 523 ad
751 458 916 540 Bulgaros,
941 459 1193 541 omnitempore
1216 460 1313 527 armis

147 549 383 628 abstinendum
416 547 477 612 nisi
510 547 683 611 necessitas
715 552 829 628 urgeat
859 550 954 627 atque
976 545 1167 612 inevitabilis
1198 546 1313 628 impos»

152 641 301 701 tunarum
324 653 431 700 rerum
460 634 544 700 adsit
571 633 801 699 concurrentia.
814 633 840 716 ¹)
889 633 1089 699 Abhorreant
1118 651 1195 716 ergo
1224 631 1313 701 Obri-

153 723 249 788 stiani
271 722 435 802 Principes
458 727 493 788 et
515 720 624 804 populi
651 739 671 785 a
694 718 781 785 falsis
803 719 958 786 bellorum
981 721 1094 800 causis,
1128 738 1185 787 seu
1207 722 1314 803 potius

149 830 172 876 a
203 809 459 892 suggestionibus
490 807 619 885 diaboli,
653 811 707 887 qui
728 808 769 873 ab
798 807 888 872 initio
915 807 1074 874 homicide
1097 815 1176 874 erat.
1190 808 1220 892 2)
1264 807 1314 881 Illi

153 916 217 962 non
239 895 336 962 semel
351 914 459 961 aurem
475 895 650 976 praebuere
666 895 752 960 coeci
773 893 925 974 homines,
949 913 1046 976 quum
1068 895 1110 961 ad
1131 895 1314 971 bellandum

154 1003 187 1049 se
211 990 313 1050 motos
335 982 577 1067 praedicarent,
608 1000 691 1047 nunc
705 986 842 1063 ,propter
864 999 979 1047 vanem
1001 981 1148 1063 gloriam,
1176 1000 1250 1062 seu,
1280 987 1315 1049 ut

148 1072 255 1154 ajunt,
291 1070 500 1153 praestigium
530 1067 704 1148 nationale,
740 1069 799 1134 sub
831 1070 918 1152 cujus
948 1069 1095 1135 vocabuli
1125 1069 1213 1136 fumo
1235 1068 1315 1142 latet

154 1158 301 1240 superbia
331 1158 431 1238 vitae,
461 1155 547 1238 apud
568 1156 722 1221 ioannem
753 1156 914 1235 damnata,
924 1157 950 1239 ³)
978 1163 1146 1239 peccatum
1169 1157 1315 1225 draconis

153 1247 208 1327 qui
230 1244 392 1327 pugnabat
414 1262 485 1310 cum
509 1243 638 1325 Angelis
660 1244 781 1326 ejus34)
805 1262 888 1308 nunc
910 1247 1041 1326 propter
1061 1244 1186 1326 imperii
1208 1248 1315 1311 exten·

150 1332 248 1397 dendi
270 1331 320 1398 vel
351 1331 476 1397 divitias
499 1330 635 1411 augendi
658 1330 851 1410 disiderium,
883 1331 968 1412 quod
990 1349 1053 1397 non
1074 1336 1124 1397 est
1145 1330 1234 1396 aliud
1256 1330 1315 1400 nisi

153 1419 406 1500 concupiscentia
429 1417 634 1497 oculorum,⁵)
664 1418 754 1482 radix
776 1418 914 1487 omnium
944 1417 1098 1484 malorum
1122 1419 1316 1501 cupiditas⁶l

154 1511 186 1571 et
209 1505 351 1584 avaritia,
376 1506 416 1570 ab
439 1504 591 1586 Apostolo
615 1504 700 1569 dicta
721 1504 877 1571 idolorum
900 1505 1088 1584 servitus37)
1112 1507 1315 1572 nuncetiam

152 1599 285 1675 propter
307 1591 457 1658 inuidiam
480 1609 556 1673 erga
579 1595 723 1657 caeteras
744 1593 890 1658 nationes
913 1592 963 1657 vel
985 1593 1151 1674 principes
1174 1591 1314 1667 furorem

148 1679 237 1745 ‚hunc
260 1679 427 1745 Gainicum
450 1697 543 1760 quem
566 1696 689 1759 semper
710 1679 945 1745 abominabitur
967 1679 1129 1759 Dominus,
1153 1680 1208 1761 qui
1229 1664 1316 1747 solus

147 1773 203 1833 est
221 1768 293 1849 jnre
324 1766 498 1833 aemulator
517 1766 729 1848 iustissimus,
760 1766 848 1848 cujus
871 1784 986 1832 nomen
1007 1768 1160 1849 privative
1183 1770 1317 1833 uocatur

154 1853 324 1938 Zelotes.⁸)
370 1853 497 1919 Etenim
519 1852 598 1918 haec
613 1853 723 1919 eadem
745 1859 876 1934 peccata
891 1873 991 1935 aeque
1014 1873 1055 1920 ac
1074 1855 1205 1937 magisll
1229 1854 1316 1921 dete·

155 1941 269 2007 stauda
292 1941 421 2006 suntin
444 1941 622 2006 nationibus
645 1945 678 2006 et
701 1939 878 2024 Guberuiis
902 1960 983 2023 quae
1005 1941 1038 2006 in
1053 1940 1230 2013 hominibus
1253 1943 1315 2023 pri·

155 2029 236 2095 vatis
266 2029 467 2094 damnantur,
520 2029 563 2093 At
596 2047 670 2094 vere
702 2028 895 2095 horrendum
929 2033 1015 2095 esset
1041 2029 1146 2094 dicere
1172 2028 1315 2095 insontes

150 2116 306 2194 homines,
334 2117 400 2197 qui,
431 2116 497 2180 sive
519 2119 554 2179 ut
577 2121 831 2182 ostentarentse
853 2134 924 2182 esse
945 2116 1066 2183 validos
1088 2116 1229 2199 pugiles,
1261 2120 1317 2200 aul

156 2202 358 2285 gladiatores,
387 2203 453 2267 sive
475 2207 512 2267 ut
533 2201 639 2268 aliena
660 2209 820 2284 raperent,
850 2206 915 2271 sive
938 2208 974 2269 ut
996 2203 1133 2271 invidiae
1156 2203 1315 2283 cederunt,

155 2291 313 2372 proximos
336 2290 461 2371 privata
483 2289 670 2355 auctoritate
692 2290 834 2356 occidere
856 2291 1094 2358 meditarentur.
1128 2289 1232 2373 Igitur
1253 2308 1315 2362 uon

153 2383 322 2443 moveatur
345 2394 483 2458 unquam
499 2376 623 2458 bellum,
648 2378 709 2442 nisi
725 2378 764 2443 de
788 2379 973 2443 necessariis
991 2378 1170 2460 repetendis
1182 2379 1315 2460 juribus,

154 2465 206 2529 vel
229 2464 365 2530 hostium
389 2465 505 2546 iuJ'uste
527 2465 742 2531 invadentium
765 2465 1049 2547 propulsandorum
1073 2482 1177 2533 causa.
1193 2467 1239 2546 ²⁰)

503 2707 749 2776 CAPITULUM
771 2709 970 2776 TERTIUM.

314 2845 366 2911 De
391 2845 516 2927 Officiis
538 2854 567 2914 ei
592 2848 776 2916 Obcdc'cectr'o
799 2850 925 2917 Ducum
949 2870 986 2917 oc
1011 2851 1166 2917 Milone.

13 3056 18 3064 ,
263 2983 439 3056 Secundum
474 2987 547 3055 Divi
579 2987 749 3072 Augustini
786 2991 990 3071 sententiam,
1031 2991 1072 3057 ad
1110 2990 1209 3057 malos
1244 2988 1315 3077 jure

59 3084 63 3088 ·
157 3072 344 3155 puniendos,
368 3073 451 3139 bella
473 3076 610 3156 gerenda
642 3078 682 3143 ab
703 3078 781 3159 ipsis
803 3078 894 3145 bonis
917 3079 1141 3161 suscipiuntur,
1163 3094 1263 3158 quum
1283 3075 1316 3141 in

157 3178 194 3224 eo
217 3159 425 3225 humanarum
448 3181 553 3227 rerum
576 3162 685 3229 ordine
716 3165 930 3245 inveniuntur,
965 3167 1019 3231 ubi
1046 3183 1100 3232 eos
1127 3163 1178 3230 vel
1205 3162 1316 3245 Jubere

157 3246 224 3311 tale
239 3247 366 3329 aliquid,
382 3249 433 3314 vel
455 3250 488 3314 in
502 3249 620 3315 talibus
636 3251 763 3318 obedire
782 3255 869 3336 juste
885 3253 962 3318 ordo
985 3254 1051 3335 ipse
1068 3252 1316 3334 constringit¹¹l

158 3332 269 3399 Sciant
291 3353 367 3415 ergo
382 3335 488 3401 Duces
511 3354 547 3402 ac
563 3337 682 3404 Milites
698 3356 732 3404 se
756 3340 892 3406 militare
908 3341 1024 3406 debere
1038 3345 1200 3421 tamquam
1216 3340 1316 3406 bonos

157 3421 255 3502 viros,
289 3421 357 3488 Deo
381 3421 584 3490 Sacramento
614 3424 769 3508 Baptismi
799 3426 988 3509 ligatos;1²)
1019 3445 1056 3493 ac
1076 3426 1209 3509 proinde
1229 3428 1316 3510 jura·

154 3514 299 3575 mentum
331 3527 387 3576 seu
409 3511 492 3592 quod
522 3520 637 3578 vocant
660 3519 891 3581 sacramentum
913 3515 1047 3580 Militiae
1069 3533 1133 3579 non
1155 3512 1317 3579 adversari

267 3752 287 3820 ¹)
305 3753 383 3806 Decr.
410 3757 436 3809 2.
454 3762 528 3822 part.
548 3755 626 3810 Caua.
645 3757 732 3814 XXII.
753 3756 864 3823 Quaest.
882 3759 907 3811 8.
927 3773 950 3814 c.
972 3760 1012 3812 15.

267 3821 289 3890 ²)
308 3823 387 3878 Joau.
406 3821 431 3876 8.
449 3827 492 3881 44.
565 3829 585 3889 ³}
605 3827 769 3881 1.J0an.n.
789 3828 830 3880 16.
904 3827 927 3893 4)
946 3829 1031 3894 Apoc.
1052 3829 1092 3880 12.
1112 3830 1135 3879 7.

231 3893 332 3950 ,Η
350 3892 428 3946 Joan.
448 3897 473 3950 2.
493 3895 534 3949 16.
607 3898 627 3962 ⁶)
647 3898 667 3953 1.
687 3897 806 3951 Timoth.
825 3900 850 3953 6.
872 3900 912 3954 10.
987 3896 1008 3963 ⁷)
1026 3895 1096 3964 Inpn.
1116 3900 1140 3950 b.
1159 3898 1184 3949 5.

266 3967 275 3996 ⁷
306 3961 456 4016 axonae
476 3964 517 4017 14.

265 4034 287 4101 ο)
305 4031 448 4086 Joolcc'om
469 4032 644 4087 decrisaimoor
664 4036 707 4089 bis
726 4037 774 4105 qui
788 4041 937 4102 praeeunt:
958 4035 1021 4103 Sep.
1040 4036 1065 4088 6.
1086 4039 1111 4091 6.

253 4103 292 4206 ¹¹¹⁰)
310 4102 390 4187 Dect.
410 4106 436 4160 2.
454 4111 528 4171 part.
548 4103 629 4162 Caus.
648 4106 749 4162 XXlll.
769 4106 878 4173 Quaest.
897 4109 922 4160 2.
942 4121 964 4158 c.
987 4110 1009 4159 l.

208 4271 212 4278 -
257 4172 288 4309 ι3)
304 4171 376 4296 lubido
391 4171 630 4312 mildace&
652 4246 774 4300 neurus
793 4253 820 4300 a
840 4247 973 4299 sociorum
993 4244 1066 4312 apuu
1085 4244 1209 4299 sonans
1248 4247 1318 4300 noa

155 4314 319 4371 Sanctorum
338 4315 381 4371 22.
398 4311 573 4379 Septembris.
