2946 4942
560 322 599 368 DE
623 321 720 370 EEBUS
743 323 928 372 bosusucls.

586 495 776 562 Beatissimo
799 495 912 562 Patcrl

273 632 488 699 Pervenerunt
521 635 563 699 ad
596 653 653 700 nos
686 635 813 702 litterae
846 637 896 702 die
925 644 954 702 3.
986 638 1131 703 tannarii
1161 639 1246 720 typis
1269 640 1328 704 im-

165 739 304 804 pressae,
321 721 434 802 quibus
451 721 580 787 Concilii
596 722 744 788 Patribus
768 724 993 791 subscribenda
1015 725 1180 790 exhibetur
1202 725 1325 807 petitio,

165 808 328 892 aSynodo
351 809 552 874 oecumenica
566 806 715 891 flagitans
737 815 773 874 ot
795 812 923 875 sancire
944 811 1022 876 oel‘t
1037 832 1226 893 supremam,
1242 813 1327 876 ideo·

166 916 225 977 que
249 896 289 960 ob
320 917 429 960 esrom
450 897 620 961 immunem
652 899 873 964 auctoritatem
902 897 1043 964 Romooo'
1073 899 1256 980 Pontifices,
1291 900 1329 964 io

166 983 260 1048 roboas
285 983 364 1064 firleo‘
395 989 425 1048 et
452 1004 577 1048 morum
611 984 786 1065 apostolica
804 989 960 1064 potestate
989 987 1150 1052 universis
1175 986 1326 1067 fidelibus

161 1070 404 1151 praecipientis.
456 1070 571 1134 Mirum
602 1078 687 1136 certe
718 1076 766 1137 est
788 1069 863 1136 fidei
892 1071 1014 1152 judices
1037 1073 1162 1138 invitari
1194 1078 1328 1138 utente

168 1174 296 1223 causam
319 1157 438 1223 dictam
453 1159 493 1223 de
508 1159 666 1225 sententia
688 1157 820 1225 terenda
835 1160 1083 1226 declarationem
1098 1161 1328 1242 subscriptione

168 1262 225 1309 sua
247 1245 402 1309 munitam
425 1246 566 1310 ederent.
604 1247 720 1311 l'erum
742 1247 775 1310 in
798 1246 857 1312 hoc
880 1253 969 1313 tanto
985 1249 1122 1330 negotio,
1145 1247 1190 1311 Te
1213 1249 1326 1330 ipsum,

168 1330 371 1398 sanctissime
401 1330 507 1412 Pater,
542 1333 720 1397 adeundum
742 1351 817 1398 esse
848 1335 1040 1419 censuimus,
1071 1335 1187 1417 quippe
1209 1335 1276 1416 qui,
1309 1354 1328 1398 a

169 1419 302 1484 Domino
334 1419 376 1483 ad
398 1437 497 1500 agnos
530 1438 666 1501 ovesque
688 1421 880 1502 pascendum
913 1423 1118 1501 constitutus,
1152 1422 1345 1486 animarum

169 1504 287 1571 Christi
303 1504 462 1587 Sanguine
485 1506 719 1589 redemptarum
742 1507 916 1588 piissimam
938 1527 1045 1575 curam
1068 1509 1167 1574 habes
1191 1515 1223 1574 et
1244 1509 1328 1591 peri-

170 1593 311 1658 culorum
333 1593 410 1674 ipsis
432 1592 660 1659 imminentium
684 1593 801 1660 affectu
822 1605 956 1677 paterno
979 1597 1146 1661 misereris.

276 1697 429 1766 Abieruut
450 1706 595 1784 tempora
618 1702 731 1783 quibus
753 1699 843 1766 Sedis
864 1702 1064 1784 Apostolicae
1082 1703 1158 1783 jura
1179 1721 1198 1766 a
1222 1702 1329 1767 catho-

170 1787 236 1853 licis
259 1789 293 1853 in
324 1789 453 1854 dubium
475 1791 582 1855 vocari
611 1790 754 1871 contigit.
805 1789 904 1854 Nemo
927 1797 977 1856 est
1000 1791 1053 1872 qui
1076 1790 1217 1871 nesciat,
1249 1789 1329 1855 sicut

171 1893 284 1958 corpus
307 1876 425 1958 absque
454 1878 559 1958 capite
581 1877 724 1942 mutilum
752 1877 797 1941 ita
831 1895 932 1958 neque
956 1876 1132 1943 Concilium
1155 1876 1329 1942 Ecclesiam

170 1969 270 2028 totam
293 1971 535 2044 repraesentans
566 1966 685 2047 absque
709 1963 897 2030 Successore
928 1964 959 2031 S.
983 1965 1070 2029 Petri
1092 1963 1203 2029 haberi
1225 1981 1326 2045 posse,

171 2068 339 2132 omnesque
353 2050 488 2118 Sanctae
503 2051 594 2118 Sedis
616 2053 776 2117 mandatis
791 2053 1024 2134 promptissimo
1041 2051 1193 2117 obediunt
1213 2053 1328 2117 animo.

274 2155 446 2222 Praeterea
468 2176 549 2239 quae
573 2158 612 2222 de
635 2156 796 2223 Pontificis
818 2157 950 2222 Romani
972 2158 1163 2223 auctoritate
1187 2155 1331 2221 fidelibus

170 2244 307 2308 tenenda
329 2244 394 2308 sint
410 2243 583 2310 Concilium
599 2244 817 2310 Tridentinmn
841 2244 946 2326 edixit,
962 2244 1180 2310 Florentinum
1196 2261 1328 2325 quoquc,

171 2331 259 2395 cuius
293 2349 333 2395 ca
367 2332 405 2396 de
435 2350 470 2396 re
493 2331 655 2397 decretum
688 2333 864 2398 incusetis
893 2332 1088 2413 singulisque
1120 2351 1158 2397 eo
1189 2332 1330 2396 sanctius

171 2425 375 2482 conservetur
397 2423 533 2500 oportet,
557 2420 704 2500 quoniam
721 2419 881 2485 Ecclesiae
902 2419 1020 2485 latinae
1043 2422 1076 2484 et
1099 2436 1232 2500 graecae
1257 2436 1331 2483 con·

171 2521 264 2570 sensu
286 2505 463 2570 stabilitum
487 2511 546 2586 est,
571 2512 675 2588 atque,
699 2508 725 2570 si
749 2507 902 2572 Dominus
925 2505 1145 2574 adorientem
1167 2510 1216 2570 tot
1239 2505 1331 2570 malis

171 2609 357 2674 oppressum
379 2594 613 2659 misericordiae
636 2595 718 2660 Suae
739 2594 849 2659 oculos
872 2600 1057 2659 convertere
1081 2593 1238 2676 dignetur,
1263 2593 1331 2656 uui·

172 2680 238 2745 onis
262 2681 478 2746 restituendae
500 2680 740 2746 fundamentum
764 2682 833 2746 erit.

274 2786 406 2851 Accedit
428 2786 521 2868 quod,
544 2787 605 2852 hac
627 2790 817 2868 tempestate
833 2784 1004 2864 Ecclesiae,
1029 2786 1182 2850 adversus
1206 2786 1328 2867 eosqui

171 2871 200 2936 in
222 2873 407 2954 rehgionem
423 2879 575 2955 tanquam
598 2879 808 2940 commentum
829 2873 967 2937 humano
984 2874 1092 2955 generi
1115 2871 1241 2937 exitiale
1257 2890 1331 2937 con-

172 2968 320 3042 surgunt,
352 2980 461 3044 pugna
491 2961 676 3027 sustinenda
709 2961 751 3026 sit
777 2978 860 3025 nova
891 2965 924 3024 et
951 2977 970 3023 a
999 2960 1133 3026 saeculis
1166 2958 1329 3024 inaudita:

172 3055 364 3130 quapropter
394 3049 522 3113 minime
554 3048 732 3114 consultum
756 3048 882 3112 videtur
910 3046 1035 3129 populis
1069 3044 1246 3124 catholicis,
1279 3051 1332 3110 tot

172 3136 308 3216 undique
325 3135 613 3205 machinationibus
632 3137 666 3199 in
687 3135 895 3200 tentationem
917 3134 1064 3213 inductis,
1087 3135 1212 3215 majora
1233 3150 1328 3215 quam

171 3218 282 3288 Patres
307 3222 482 3288 Tridentini
504 3223 675 3306 imponere.

274 3325 434 3408 Namque,
467 3346 539 3392 curn
568 3329 651 3392 inter
675 3328 812 3409 potiores
835 3325 982 3391 nationes
1005 3324 1177 3391 catholicas
1199 3330 1329 3390 munere

167 3414 344 3497 episcopali
366 3414 544 3495 iungamur,
580 3433 684 3480 rerum
708 3414 792 3495 apud
823 3431 878 3478 eas
901 3418 1021 3477 statum
1051 3413 1235 3494 quotidiano
1259 3429 1330 3478 nos·

164 3502 269 3566 cimus
293 3519 362 3568 usu.
408 3500 507 3567 Nobis
530 3506 636 3567 autem
660 3506 785 3567 constat
810 3498 1022 3565 definitionem
1046 3518 1127 3582 quae
1149 3498 1331 3581 postulatur

161 3589 333 3671 religionis
357 3589 491 3654 inimicis
513 3606 595 3654 nora
609 3588 883 3670 suppeditaturum
907 3606 996 3652 arma
1018 3588 1059 3652 ad
1074 3588 1121 3652 rei
1144 3586 1329 3666 cathoheac,

158 3677 267 3742 otiam
292 3675 377 3757 apud
400 3676 538 3740 melioris
562 3678 658 3740 rueme
679 3675 780 3755 viroS,
806 3674 957 3741 invidiam
981 3674 1209 3754 concitandam,
1238 3673 1331 3740 certi·

154 3775 228 3844 que
253 3779 363 3828 sumus
387 3781 453 3828 rem
474 3763 506 3827 in
520 3763 661 3845 ‘Europa
688 3761 801 3827 saltem
823 3762 988 3846 regionum
1011 3767 1191 3827 nostrarum
1214 3761 1330 3844 guber-

154 3851 226 3917 niis
264 3868 377 3915 ausam
410 3850 639 3933 praebituram,
674 3850 740 3914 sive
774 3855 973 3933 praetextum
1003 3849 1037 3915 iu
1067 3849 1141 3931 jura
1169 3848 1330 3914 Ecclesiae

152 3936 299 4003 residua
320 3937 499 4003 invadendi.

276 4041 365 4106 Haec
386 4041 556 4109 Sanctitati
579 4042 679 4124 Tuae,
711 4061 751 4108 ea
773 4060 868 4123 quam
897 4043 1053 4107 communi
1080 4040 1219 4106 fidehum
1241 4039 1330 4106 Patri

148 4124 322 4195 debemus
346 4130 537 4209 sinceritate,
563 4131 777 4212 exposuimus,
810 4135 842 4195 et
865 4128 946 4210 Tuo,
978 4146 1151 4210 precamur,
1180 4128 1328 4193 mandato

149 4209 223 4282 fiat
248 4220 285 4281 ut
315 4218 459 4283 doctrina
491 4219 581 4300 cujus
604 4218 799 4284 sanctionem
828 4221 941 4298 petunt
968 4215 1107 4281 Conciho
1130 4215 1329 4281 oecumenico

149 4300 370 4370 discutienda
392 4304 476 4371 haud
497 4311 703 4388 proponatur.
