2946 4942
151 275 194 338 40
427 287 549 336 sennua
573 287 816 336 musurrurrosrs
839 288 1027 338 marsican
1086 335 1090 340 ,

151 428 271 494 saeculi
303 428 336 492 in
365 427 512 493 universo
544 427 660 493 mundo
693 435 726 492 et
749 445 787 492 ex
809 427 895 491 omni
917 432 1067 492 creatura
1090 428 1314 512 colligendam,

152 515 334 596 docendam,
358 515 647 596 moderandumque
669 514 842 596 praecepit,
867 522 979 579 utuna
994 518 1078 580 esset
1093 521 1313 598 genssancta,

151 621 234 669 unus
256 603 392 686 populus
415 602 636 684 acceptabilis,
660 605 797 667 sectator
818 603 972 667 bonorum
995 620 1135 684 operum.
1148 604 1174 687 1)
1204 605 1315 687 Neque

152 692 236 757 euim
258 690 458 772 evangelicae
481 691 559 772 legis
576 709 614 756 ea
636 690 718 755 ratio
741 697 800 771 est,
824 694 860 753 ut
881 691 1006 755 excluso
1030 691 1315 772 quovissocietatis

151 778 276 844 vinculo
315 780 382 844 veri
418 778 602 844 adoratores
637 777 750 858 singuli
783 795 925 842 seorsum
957 777 1083 843 Patrem
1115 779 1251 846 adorent
1282 781 1315 846 in

152 866 266 949 spiritu
288 872 321 931 et
343 867 495 944 veritate3
532 866 589 930 sed
612 864 795 945 religionem
818 883 908 930 suam
931 867 976 930 ita
999 866 1145 932 societati
1168 887 1188 932 a
1211 887 1245 934 se
1268 869 1316 934 in-

152 955 283 1019 stitutae
306 953 522 1020 inhaerentem
543 953 736 1035 Redemptor
751 959 859 1018 noster
874 953 981 1031 voluit,
999 959 1035 1017 ut
1052 973 1175 1020 cumea
1187 957 1316 1036 penitus

153 1047 298 1106 conserta
320 1059 357 1105 ac
379 1040 479 1105 veluti
500 1045 646 1107 concreta
668 1045 821 1121 maneret,
845 1047 877 1106 et
893 1047 981 1106 extra
996 1041 1084 1106 illam
1101 1060 1174 1106 vera
1191 1041 1314 1108 Christi

152 1129 262 1210 religio
285 1129 373 1194 nrdla
396 1133 489 1194 esset.

628 1300 764 1367 CAPUT
788 1303 842 1368 Ill.

204 1426 383 1492 Ecclesiam
405 1445 473 1490 esse
495 1426 675 1491 societatem
697 1445 815 1504 aeram,
834 1426 1024 1508 perfectam,
1047 1427 1260 1508 spiritualem,

565 1518 595 1577 et
617 1514 905 1593 supernaturalem.

260 1654 416 1721 Docemus
445 1661 552 1720 autem
581 1672 618 1719 ac
641 1653 857 1732 demoramur,
887 1655 1047 1720 Ecclesiae
1078 1656 1184 1720 inesse
1206 1674 1316 1723 omnes

153 1761 247 1807 verae
270 1743 431 1808 societatis
454 1742 636 1825 qualitates.
682 1742 792 1822 Neque
822 1743 956 1806 societas
979 1742 1057 1807 haec
1080 1741 1243 1809 indefinita
1265 1745 1317 1810 vel

154 1828 297 1896 informis
320 1849 340 1894 a
363 1829 490 1896 Christo
513 1830 627 1896 relicta
649 1835 717 1906 est3
741 1830 796 1895 sed
810 1829 1125 1911 ,quemadmodumab
1141 1831 1210 1912 ipso
1226 1849 1316 1898 suam

153 1917 371 1983 exsistentiam
404 1917 517 1984 babet:
551 1918 597 1983 ita
627 1916 769 1999 eJusdem
800 1916 963 1982 voluntate
995 1937 1032 1983 ac
1055 1918 1126 2000 lege
1149 1937 1239 1983 suam
1264 1938 1316 1984 ex·

154 2006 287 2071 sistendi
309 2003 444 2070 formam
466 2023 618 2087 suamque
642 2005 898 2070 constitutionem
921 2007 1053 2087 accepit.
1077 2005 1186 2088 Neque
1203 2007 1314 2072 eadem

154 2094 329 2159 membrum
361 2098 410 2159 cst
432 2094 497 2159 sive
520 2110 594 2176 pars
617 2093 747 2158 alterius
771 2093 937 2175 cujuslibet
959 2095 1136 2174 societatiS,
1162 2113 1220 2160 nec
1243 2112 1315 2160 cum

54 2249 59 2266 Ι
153 2179 216 2246 aha
249 2181 360 2262 quavis
388 2179 518 2247 confusa
549 2187 604 2244 aut
635 2181 879 2258 commiscenda
911 2180 967 2245 sed
990 2183 1068 2245 adeo
1092 2182 1123 2245 in
1147 2183 1318 2264 semetipsa

154 2267 304 2352 perfecta,
330 2273 365 2333 ut
389 2269 464 2333 dum
486 2270 525 2334 ab
550 2268 693 2334 amnibus
715 2267 860 2332 humanis
877 2269 1081 2333 societatibus
1098 2269 1313 2352 distinguitur,

154 2373 253 2438 supra
274 2374 329 2421 eas
353 2364 459 2422 tamen
481 2375 575 2438 quam
598 2357 732 2420 maxime
755 2355 916 2421 evehatur.
949 2355 997 2420 Ab
1020 2355 1206 2423 inexhausto
1231 2359 1316 2423 enim

154 2444 387 2515 misericordiae
410 2444 470 2510 Dei
492 2444 595 2509 Patris
629 2442 715 2509 fonte
748 2441 906 2525 profecta,
943 2462 999 2524 per
1034 2445 1189 2510 incarnati
1216 2445 1317 2527 ipsius

154 2531 253 2597 Verbi
281 2533 490 2596 ministerium
522 2549 713 2614 operamque
734 2528 878 2609 fundata,
910 2532 943 2596 in
968 2531 1087 2611 Spiritu
1110 2537 1220 2599 sancto
1244 2550 1316 2598 con·

154 2619 268 2684 stituta
290 2626 350 2698 est,
373 2620 481 2701 quiin
505 2619 672 2701 Apostolos
694 2619 830 2699 primum
852 2619 1028 2701 largissime
1045 2617 1170 2699 effusus,
1190 2621 1316 2687 abunde

154 2706 249 2772 etiam
281 2705 401 2789 jugiter
432 2705 618 2772 diffunditur
640 2707 672 2770 in
695 2703 777 2772 filios
801 2707 996 2788 adoptioniS,
1021 2714 1055 2770 ut
1078 2707 1173 2772 iidem
1196 2707 1316 2773 lumine

155 2795 226 2877 ejus
255 2795 432 2858 collustrati
461 2813 524 2859 una
547 2795 700 2859 mentium
729 2792 790 2858 fide
813 2801 846 2859 et
868 2795 935 2859 Deo
958 2793 1154 2860 adhaereant
1177 2799 1210 2860 et
1231 2795 1318 2861 inter

155 2899 189 2946 se
213 2881 419 2959 cohaereant3
442 2887 478 2946 ut
499 2882 614 2965 pignus
636 2882 845 2947 haereditatis
867 2883 899 2946 in
924 2882 1071 2947 cordibus
1094 2883 1159 2947 suis
1183 2884 1317 2948 circum-

155 2967 302 3048 ferentes,
328 2969 431 3034 carnis
455 2969 613 3034 desideria
636 2970 676 3034 ab
700 2971 789 3051 ejus,
822 2987 903 3051 quae
926 2969 1098 3034 inmundo
1121 2976 1177 3048 est,
1203 2988 1317 3036 concu-

155 3056 328 3139 piscentiae
350 3057 551 3139 corruptione
572 3056 727 3136 avellant,
752 3061 785 3121 et
807 3057 900 3121 beata
923 3075 986 3121 una
1009 3058 1226 3139 communique
1258 3075 1318 3139 spe

155 3141 284 3224 firmati,
317 3145 538 3225 concupiscant
567 3146 755 3227 promissam
779 3150 942 3210 aeternam
965 3146 1022 3210 Dei
1045 3144 1191 3226 gloriam,
1221 3149 1318 3226 atque

156 3232 236 3297 adeo
269 3251 327 3315 per
356 3232 439 3297 bona
468 3250 566 3313 opera
596 3239 714 3297 certam
744 3250 834 3296 suam
857 3234 1052 3297 vocationem
1077 3232 1319 3298 aelectionem

155 3318 315 3404 iaciant.²)
340 3320 443 3398 Quum
466 3324 572 3384 autem
594 3318 643 3384 his
665 3321 820 3385 bonorum
836 3319 953 3384 divitiis
969 3321 1001 3383 in
1017 3318 1161 3384 Ecclesia
1174 3319 1318 3384 homines

156 3424 214 3488 per
243 3405 395 3490 Spiritum
430 3412 574 3472 sanctum
606 3412 801 3488 augeantur,
837 3412 932 3488 atque
959 3407 1008 3471 bis
1039 3407 1181 3489 ejusdem
1215 3409 1317 3473 sancti

157 3492 292 3576 Spiritus
316 3495 446 3561 nexibus
468 3494 502 3559 in
523 3494 647 3560 unitate
663 3493 869 3560 cohaereant:
895 3494 1038 3560 Ecclesia
1053 3495 1123 3575 ipsa
1138 3494 1316 3576 spiritualis

157 3582 292 3654 societas
314 3587 372 3663 est,
395 3587 491 3663 atque
514 3581 632 3648 ordinis
655 3583 780 3648 omnino
804 3581 1065 3664 supernaturalis.

632 3770 770 3839 carna
792 3773 846 3838 rv.
940 3727 989 3834 ’.

406 3895 587 3961 Ecclesiam
609 3916 675 3961 esse
698 3896 876 3962 societatem
898 3896 1065 3962 visibilem.

262 4036 354 4102 Absit
384 4041 506 4115 tamen,
537 4043 573 4102 ut
600 4039 670 4120 quis
693 4037 820 4116 credat,
845 4037 1006 4104 Ecclesiae
1029 4035 1318 4104 membranonnisi

158 4130 288 4194 internis
311 4148 349 4195 ac
370 4121 544 4191 latentibus
567 4126 700 4192 vinculis
719 4128 819 4210 jungi,
843 4133 877 4192 et
893 4124 1031 4191 abditam
1046 4123 1119 4188 inde
1134 4123 1319 4189 societatem

158 4244 368 4265 -ὺ--ι--ιι-

268 4310 290 4379 ¹)
310 4309 399 4378 Epist.
418 4305 454 4360 ad
471 4305 527 4359 Tit.
545 4304 580 4356 11.
603 4305 643 4359 lt.
681 4301 702 4369 ¹)
721 4299 775 4368 Ep.
793 4301 829 4354 11.
848 4299 873 4354 b.
892 4297 951 4353 Pet.
970 4298 1022 4366 Ap.
1041 4297 1062 4350 1.
1083 4300 1124 4353 10.
