2946 4942
566 337 606 383 nn
629 337 724 384 aornos
747 338 937 387 nocnnmcrs.
1265 331 1324 391 121

164 473 354 539 acclamatio
376 473 409 537 in
424 470 564 540 Concilio
587 476 742 555 dogmatis
765 478 998 560 assumptionis
1021 480 1057 544 B.
1080 479 1124 544 M.
1139 481 1188 560 V,
1213 481 1327 546 nedum

166 561 297 642 augebit
318 561 468 642 pietatem
492 562 694 642 credentium,
720 564 776 629 sed
799 584 947 646 magnam
969 568 1232 649 tenerrimamque
1256 587 1327 635 con·

166 647 354 714 solationem
378 649 523 714 universo
547 652 733 729 conturbato
755 653 942 732 praestabit.
972 664 975 670 ·

272 769 393 835 Romae
417 770 467 835 die
491 775 521 836 8.
544 769 689 835 ianuarii
711 790 762 836 an.
786 773 876 838 Dom.
904 778 995 841 1870.

618 911 638 991 †
662 913 816 977 Antonius
840 910 1015 994 Episcopus
1038 913 1236 981 Giennensis.

546 1291 599 1374 13.
639 1290 945 1375 POSTULATUM

497 1432 555 1495 nn
577 1431 750 1496 usunnn
775 1431 996 1499 sosarnus.

584 1572 772 1637 Beatissimo
794 1571 906 1638 Pater!

270 1689 352 1755 Cum
384 1691 417 1754 in
448 1689 656 1757 Sacrosancta
685 1692 810 1774 Synodo
842 1693 995 1759 Vaticana
1027 1713 1090 1760 non
1120 1713 1158 1760 ea
1191 1701 1325 1775 tantum,
1425 1762 1431 1773 x

149 1796 245 1860 quae
268 1780 310 1844 ad
332 1777 442 1843 Fidem
464 1779 625 1855 tuendam,
653 1798 813 1861 novosque
835 1799 958 1846 emores
981 1780 1183 1861 refellendos,
1215 1782 1271 1847 sed
1294 1788 1327 1847 et

151 1883 246 1946 quae
272 1865 313 1929 ad
343 1863 593 1931 Christianorum
622 1885 723 1931 mores
755 1867 972 1934 reformandos
1002 1875 1161 1951 spectant,
1195 1872 1326 1934 tractari

150 1960 329 2034 oporteat,
351 1952 437 2018 Tuae
452 1953 655 2034 Beatitudini,
679 1972 760 2034 qnae
775 1955 1016 2020 venerabilibus
1032 1955 1193 2036 praefatae
1210 1955 1327 2037 Synodi

154 2039 315 2106 Patribus
337 2039 472 2106 feliciter
494 2046 631 2122 praeest,
648 2041 868 2123 Hydruntinus
888 2043 1151 2125 Archiepiscopus
1166 2043 1327 2108 humiliter

149 2145 199 2193 ac
232 2133 416 2192 reverenter
449 2128 615 2207 nonnulla,
651 2147 731 2209 quae
754 2129 796 2192 ad
827 2148 949 2195 morum
976 2128 1231 2196 reformationem
1254 2149 1325 2213 per·

149 2217 267 2280 tinere
288 2215 349 2296 ipsi
371 2214 525 2294 videntur,
550 2216 733 2296 exponenda
755 2216 895 2282 breviter
916 2219 1012 2284 ducit.

272 2303 360 2367 Inter
382 2302 546 2366 innumera
575 2303 668 2382 vitia,
700 2322 779 2383 quae
809 2304 841 2367 in
864 2303 1046 2370 Christiana
1074 2304 1248 2386 Republica
1279 2306 1328 2369 in·

151 2389 304 2466 valuere,
329 2407 392 2453 non
414 2389 561 2454 ultimum
583 2390 686 2455 locurn
702 2390 875 2455 obtinuisse
897 2392 1022 2456 videtur
1043 2391 1158 2469 Usuro,
1171 2393 1325 2472 quamvis

149 2484 195 2544 et
222 2476 392 2542 Sacrorum
415 2475 651 2558 scripturarum
682 2478 872 2542 testimoniis
895 2478 1069 2560 prohibita,
1101 2485 1133 2543 et
1155 2479 1327 2544 innumeris

152 2565 314 2646 Legibus,
338 2564 492 2641 Decretis,
516 2582 555 2630 ac
579 2564 846 2629 declarationibus
861 2563 958 2630 fuerit
980 2568 1020 2630 ab
1036 2565 1179 2631 Ecclesia
1203 2583 1327 2648 semper

152 2651 342 2718 interdicta.
388 2650 508 2727 Quibus
531 2651 699 2716 inhaerens
714 2651 907 2718 Benedictus
922 2653 1006 2720 XIV.
1031 2650 1051 2718 f.
1076 2671 1113 2731 r.,
1137 2653 1326 2734 Apostolicis

155 2739 297 2805 Litteris
327 2737 390 2802 Via
409 2739 565 2818 ponenti,
597 2758 678 2803 anno
711 2745 793 2802 1745
828 2740 869 2803 ad
899 2739 1012 2804 Italiae
1035 2739 1210 2822 Episcopos
1234 2741 1326 2818 datis,

154 2826 276 2892 fusiori
292 2843 435 2890 sermone
450 2825 644 2891 catholicam
660 2827 844 2891 Doctrinam
859 2827 1048 2908 explanavit,
1066 2828 1181 2893 docens
1199 2833 1225 2893 l.
1243 2827 1326 2892 Usu-

155 2931 234 2979 ram
267 2914 333 2977 sive
355 2912 522 2979 manifeste
556 2931 643 2977 suam
677 2913 831 2978 malitiam
854 2916 981 2994 prodat,
1015 2916 1082 2979 sive
1111 2915 1170 2980 sub
1194 2915 1327 2980 aliorum

154 3004 385 3066 contractuum
419 2999 516 3080 pallio
544 3019 637 3065 suum
659 3001 744 3066 virus
777 3001 930 3080 involvat,
965 3003 997 3066 in
1029 3009 1140 3066 mutuo
1167 3003 1326 3083 propriam

151 3088 275 3153 sedem
300 3095 332 3151 et
363 3087 466 3153 locum
489 3087 615 3152 babere.
657 3091 687 3150 2.
716 3087 861 3152 Mutuum
890 3095 997 3153 autem
1027 3094 1224 3154 contractum
1247 3106 1325 3167 esse,
1438 3157 1442 3160 ,

159 3176 221 3257 qni
255 3175 306 3239 sui
339 3179 452 3238 natura
471 3174 710 3256 aequalitatem
748 3176 832 3239 inter
863 3176 972 3240 datum
1008 3184 1041 3242 et
1075 3180 1240 3257 occeptum
1274 3193 1327 3239 ex·

156 3261 319 3344 postulat,
342 3261 535 3342 proindeque
557 3262 690 3344 gratuiti
713 3267 894 3328 contractus
916 3263 1041 3327 nornine
1064 3264 1212 3344 gaudere,
1236 3262 1327 3327 nihil·

150 3368 228 3431 que
262 3349 350 3428 inde,
389 3349 513 3414 ratione
549 3349 649 3430 ipsius
684 3351 796 3428 mutui,
836 3368 928 3431 posse
965 3356 1163 3414 mutuantem
1200 3350 1326 3431 quidem

151 3455 305 3519 sperare.
330 3436 447 3502 3.an
471 3437 610 3517 demum,
639 3437 693 3518 qui
715 3444 826 3502 contra
854 3439 992 3517 egerint,
1016 3439 1049 3502 in
1072 3439 1326 3503 commutativam

146 3524 321 3604 justitiam
364 3541 511 3605 peccare,
554 3523 687 3605 ideoque
728 3524 770 3589 ad
807 3524 1042 3591 restitutionem
1085 3525 1196 3590 teneri.
1256 3523 1327 3601 Qua

157 3610 325 3677 catholica
347 3611 490 3676 doctrina
519 3612 711 3676 unanimiter
737 3612 921 3691 fasciolis,
952 3630 989 3677 ac
1017 3612 1188 3677 universim
1211 3631 1230 3676 a
1253 3612 1327 3676 doc·

151 3699 290 3764 toribus
313 3705 497 3764 constanter
518 3698 645 3776 tradita,
670 3698 827 3774 Pastores,
852 3717 889 3764 ac
912 3699 1150 3765 Praedicatores
1172 3698 1327 3765 Fidelium

157 3790 299 3864 mentes,
323 3804 361 3850 ac
383 3787 572 3867 praesertim
594 3784 693 3850 lucris
716 3785 906 3854 inhiantium
928 3787 1069 3852 imbuere
1092 3805 1250 3867 nunquam
1275 3786 1327 3850 de-

157 3874 326 3952 stiterunt,
351 3879 387 3937 ut
409 3890 519 3938 omnes
542 3873 583 3938 ab
603 3872 728 3938 Usurae
750 3874 827 3939 vitio
851 3875 1062 3958 deterrerent;
1086 3892 1223 3955 namque
1246 3873 1327 3938 sicut

158 3961 273 4025 usuris
295 3960 518 4041 pessumdatur
540 3961 804 4025 mutuatariorum
826 3960 989 4027 familiaris
1013 3962 1200 4039 substantia,
1225 3961 1271 4025 sic
1293 3966 1326 4024 et

159 4052 349 4112 mutuantes
364 4049 489 4112 animae
504 4065 580 4112 suae
595 4047 819 4112 detrimentum
842 4055 928 4114 certo
944 4050 1114 4131 patiuntur,
1138 4067 1176 4114 ac
1190 4047 1327 4128 plerum-

156 4153 227 4216 que
250 4152 379 4200 suorum
403 4136 497 4200 etiam
521 4135 719 4217 dispendium
742 4136 905 4202 bonorum.

273 4221 352 4287 Cum
375 4227 482 4287 autem
507 4223 672 4287 occasione
694 4224 810 4299 mutui,
841 4229 877 4288 ut
899 4242 919 4288 a
940 4224 1070 4290 laudato
1095 4222 1222 4289 Summo
1246 4223 1327 4289 Pon-

159 4308 249 4375 tifioe
272 4309 418 4390 habetur,
451 4309 593 4375 nonnulli
616 4310 738 4391 possint
760 4311 954 4376 extrinsecus
977 4312 1064 4376 tituli
1085 4328 1261 4390 occurrere,
1294 4318 1327 4375 et
