2946 4942
161 300 204 361 44
436 310 556 360 seam
578 308 822 358 oossrmcmosis
844 309 1036 356 ιιιιιιιιιιιι

160 452 384 534 praerogativa
405 449 547 514 revelata
568 456 630 528 est,
660 466 803 531 quaeque
825 467 884 513 nec
914 466 985 512 cum
1007 447 1224 528 inspirationis
1247 447 1318 513 cha-

158 540 290 604 rismate
312 536 462 603 confundi
489 536 594 615 debet,
625 553 726 616 neque
757 553 794 600 eo
817 540 954 617 spectat,
990 541 1026 599 ιιι
1057 535 1202 601 Ecclesia
1230 535 1317 601 novis

158 625 406 691 revelationibus
429 624 580 701 ditescat,
609 624 756 689 collatam
779 623 821 688 ad
843 622 905 689 hoc
926 641 1010 701 esse,
1038 628 1076 687 ut
1096 623 1230 688 verbum
1251 622 1318 699 Dei

161 715 228 778 sive
249 713 283 777 id
304 713 458 794 scriptum
473 712 539 777 sive
561 711 714 775 traditum
730 711 781 788 sit,
804 712 837 774 in
852 711 1023 775 universali
1037 707 1157 775 Christi
1175 709 1320 777 Ecclesia

159 802 327 883 integrum,
362 806 396 865 et
430 819 449 864 a
484 800 594 881 quavis
629 799 777 863 novitatis
810 798 1100 879 immutationisque
1136 796 1320 878 corruptela

160 888 299 953 immune
337 894 500 952 asseratur
537 893 570 952 et
603 884 815 964 custodiatur,
853 886 1024 951 secundum
1060 885 1140 951 illud
1176 884 1321 968 Apostoli

160 975 363 1041 mandatum:
395 974 617 1052 OTimothee,
648 973 827 1055 depositum
850 972 982 1052 custodi,
1006 974 1150 1039 devitans
1170 971 1320 1054 profanas

160 1078 271 1129 vocum
293 1062 462 1141 novitates,
486 1067 518 1126 et
541 1061 756 1143 oppositiones
786 1058 859 1125 falsi
881 1061 1016 1127 nominis
1039 1061 1200 1140 scientiae,
1224 1076 1320 1142 quam

157 1149 290 1230 quidam
323 1151 557 1230 promittentes.
592 1150 677 1215 circa
709 1146 804 1214 fidem
835 1149 1027 1214 exciderunt.
1040 1150 1064 1233 ¹)
1114 1148 1206 1227 Quod
1237 1147 1321 1214 idem

159 1236 330 1319 Apostolus
364 1237 480 1302 iterum
513 1236 651 1302 inculcat
681 1237 837 1302 scribens:
876 1237 1022 1301 Formam
1054 1236 1137 1301 habe
1170 1252 1320 1301 sanorum

160 1327 338 1403 verborum,
363 1342 442 1405 quae
466 1344 486 1389 a
508 1343 558 1390 me
573 1325 690 1388 audisti
711 1325 744 1387 in
766 1323 828 1388 fide
850 1329 881 1388 et
904 1324 936 1388 iu
952 1324 1121 1389 dilectione
1142 1324 1176 1387 in
1191 1321 1319 1389 Christo

160 1414 246 1479 Jesu.
301 1411 425 1474 Bonum
457 1412 634 1492 depositum
661 1412 784 1475 custodi
813 1429 869 1492 per
893 1411 1045 1493 Spiritum
1074 1416 1234 1492 sanctum,
1267 1410 1321 1492 qui

159 1498 284 1564 habitat
320 1499 353 1561 in
391 1500 490 1565 nobis.
504 1501 531 1580 ²)
587 1497 754 1581 Objectum
791 1498 889 1580 igitur
924 1497 1157 1565 infallibilitatis
1195 1498 1319 1587 tautum

160 1592 270 1666 patere
292 1586 449 1665 docemus
474 1590 626 1667 quantum
654 1584 727 1650 fidei
749 1592 839 1666 patet
862 1585 1048 1668 depositum,
1072 1593 1105 1651 et
1127 1586 1194 1669 ejus
1217 1588 1320 1652 custo·

160 1673 267 1738 diendi
289 1673 425 1738 officium
448 1673 602 1755 postulat3
637 1674 778 1755 adeoque
801 1675 1052 1756 praerogativam
1076 1672 1318 1754 infallibilitatis,

152 1778 222 1841 aqua
238 1758 355 1826 Christi
370 1760 515 1826 Ecclesia
529 1761 637 1843 pollet,
660 1762 781 1827 ambitu
795 1780 853 1825 suo
876 1760 1040 1843 complecti
1054 1767 1122 1826 tum
1137 1760 1320 1827 universum

159 1847 220 1912 Dei
233 1849 365 1912 verbum
380 1848 564 1928 revelatmn,
588 1855 655 1912 tum
678 1849 827 1925 idemne,
851 1849 934 1930 quod
952 1849 1026 1914 licet
1040 1849 1074 1913 in
1096 1867 1130 1913 se
1145 1848 1317 1913 revalatum

159 1937 300 2012 nonsit,
334 1940 514 2000 esttamen
544 1936 711 2017 ejusmodi,
735 1936 815 2002 sine
847 1955 909 2018 quo
932 1936 1011 2001 illud
1032 1942 1102 2002 tuto
1126 1936 1316 2014 conservari,

159 2027 246 2087 certo
269 2040 308 2087 ac
323 2019 481 2087 definitive
496 2023 538 2087 ad
553 2023 743 2088 credendum
758 2025 888 2107 proponi
912 2030 945 2089 et
961 2024 1118 2106 explicari,
1134 2030 1192 2089 aut
1207 2031 1317 2088 contm

159 2127 282 2175 errores
306 2109 465 2175 hominum
488 2129 526 2176 ac
552 2109 625 2175 falsi
647 2112 782 2175 nominis
805 2112 958 2177 scientiae
979 2112 1192 2194 oppositiones
1214 2109 1317 2175 valide
1396 2118 1402 2131 ·

158 2197 260 2260 asseri
283 2195 470 2278 delendique
493 2217 554 2262 uon
578 2200 686 2278 possit.
740 2198 826 2264 Haec
848 2205 953 2263 autem
977 2198 1198 2278 infallibilitas,
1230 2199 1318 2280 cuius

158 2281 229 2348 finis
264 2288 312 2348 est
345 2283 486 2348 fidelium
520 2286 680 2350 societatis
713 2286 746 2349 in
778 2286 919 2351 doctriua
952 2284 1025 2352 fidei
1059 2292 1092 2351 ιι
1120 2304 1243 2351 morum
1271 2287 1318 2350 in-

158 2377 315 2436 temerata
337 2372 472 2452 veritas,
504 2373 684 2452 magisterio
707 2374 803 2452 inest,
838 2375 921 2454 quod
945 2372 1090 2439 Christus
1117 2374 1150 2438 in
1171 2372 1319 2439 Ecclesia

159 2476 218 2523 sua
239 2463 427 2542 perpetuum
448 2460 595 2539 instituit,
620 2479 690 2524 curu
714 2461 755 2525 ad
778 2461 947 2543 Apostolos
970 2461 1063 2527 dixit:
1098 2463 1219 2526 Euntes
1242 2476 1318 2542 crgo

160 2547 271 2612 docete
294 2565 402 2611 omnes
419 2552 538 2628 gentes,
562 2549 760 2629 baptizantes
775 2566 830 2614 eos
852 2549 886 2613 in
908 2551 1033 2614 nominc
1049 2549 1164 2629 Patris,
1188 2554 1222 2612 et
1238 2547 1318 2627 Filii,

155 2639 191 2696 et
221 2633 357 2714 Spiritus
391 2633 513 2699 Sancti:
549 2635 697 2700 docentes
725 2653 779 2701 eos
810 2653 937 2702 servare
964 2637 1069 2703 omnia
1102 2652 1320 2717 quaecumque

158 2721 307 2786 mandavi
322 2722 426 2786 vobis:
450 2726 483 2785 et
498 2739 572 2786 ecce
587 2740 646 2803 ego
661 2724 822 2789 vobiscum
838 2741 908 2788 sum
923 2725 1067 2789 omnibus
1084 2723 1202 2803 diebus,
1217 2740 1320 2804 usque

151 2808 200 2872 :ad
231 2809 532 2873 consummationem
560 2809 731 2893 saecvdi.³)
782 2811 824 2875 Et
858 2811 969 2876 iisdem
999 2811 1144 2893 promisit
1173 2809 1319 2877 Christus

158 2894 302 2960 veritatis
325 2912 403 2958 suae
424 2893 588 2977 Spiritum,
619 2898 673 2977 qui
695 2904 839 2963 maneret
862 2916 932 2962 cum
955 2899 1002 2964 eis
1023 2899 1057 2963 in
1078 2905 1258 2978 aeteruum,
1286 2897 1321 2963 iu

156 2982 205 3047 eis
228 2987 329 3062 esset,
345 3000 461 3063 eosque
484 3002 608 3050 omnem
630 2986 795 3050 veritatem
819 2984 990 3063 doceret.⁴)

639 3176 775 3243 CAPUT
798 3178 837 3246 X.

528 3319 579 3384 De
601 3318 766 3384 Ecclesiae
782 3323 948 3399 potestate.

264 3454 382 3521 Christi
404 3462 511 3522 autem
534 3457 677 3524 Ecclesia
708 3463 842 3523 nonest
873 3458 1007 3523 societas
1031 3457 1223 3539 aequalium,
1252 3459 1319 3523 acsi

150 3559 265 3608 omncs
287 3546 320 3609 iu
343 3562 382 3610 ea
404 3543 513 3611 fideles
536 3545 648 3611 eadem
676 3546 751 3628 jura
773 3545 944 3621 haberent,
972 3563 1082 3610 verum
1113 3549 1162 3609 est
1183 3545 1320 3626 societas

156 3628 345 3712 inaequalia
375 3637 408 3697 ιι
431 3632 490 3697 hoc
512 3651 575 3699 non
602 3632 673 3700 ideo
697 3637 835 3712 tantum,
871 3632 947 3714 quia
974 3630 1112 3697 fidelium
1135 3631 1190 3697 alii
1211 3631 1320 3699 clerici

157 3721 246 3797 sunt,
275 3718 329 3783 alii
351 3718 437 3799 laici;
471 3721 529 3785 sed
557 3727 728 3803 propterea
750 3721 899 3800 maxime,
932 3721 1017 3802 quod
1045 3720 1079 3784 in
1102 3718 1248 3785 Ecclesia
1269 3725 1321 3785 eat

157 3808 299 3886 potestas
316 3805 465 3871 divinitus
480 3808 636 3887 instituta,
652 3826 715 3889 qua
730 3807 781 3872 alii
798 3808 840 3872 ad
856 3805 1126 3889 sanctificandum,
1141 3806 1319 3872 docendum

147 3897 192 3957 et
204 3893 379 3975 regendum
394 3894 531 3975 praediti
547 3899 629 3974 suut,
647 3895 700 3959 alii
717 3894 943 3960 destituuntur.
966 3893 1047 3960 Cum
1061 3913 1137 3959 vero
1152 3892 1319 3961 Ecclesiae

147 3983 299 4059 ¹:potestas
321 3980 385 4047 alia
407 3981 449 4079 sit
479 3987 512 4046 et
535 3981 659 4047 dicatur
682 3981 809 4061 ordinis
832 3981 895 4047 alia
914 3982 1160 4065 jurisdictionis:
1193 3981 1233 4047 de
1257 3981 1320 4048 hac

268 4174 289 4225 1ι
309 4171 334 4224 E
356 4215 363 4230 .
381 4173 403 4229 L
421 4172 458 4227 ad
475 4172 594 4230 Timoth.
613 4173 661 4228 Vl.
679 4174 722 4230 20.
778 4172 798 4240 ¹)
816 4173 870 4242 Ep.
888 4173 923 4227 11.
942 4172 978 4229 ad
996 4172 1116 4231 Timoth.
1135 4173 1158 4230 I.
1177 4172 1220 4228 la.
1239 4176 1283 4231 14.

266 4241 290 4306 ⁸)
339 4243 410 4299 attlr.
428 4242 556 4297 XXVIII.
576 4243 617 4301 19.
636 4246 679 4300 20.

265 4310 288 4375 ⁴)
308 4308 347 4364 cf.
366 4310 465 4367 Joann.
483 4312 557 4369 XIV.
577 4313 618 4367 16.
639 4317 680 4369 17.
698 4311 761 4367 coll.
775 4312 850 4372 XVI.
870 4312 911 4367 13.
