<?xml version="1.0" encoding="UTF-8"?>
<!DOCTYPE html PUBLIC "-//W3C//DTD XHTML 1.0 Transitional//EN"
    "http://www.w3.org/TR/xhtml1/DTD/xhtml1-transitional.dtd">
<html xmlns="http://www.w3.org/1999/xhtml" xml:lang="en" lang="en">
 <head>
  <title>
</title>
<meta http-equiv="Content-Type" content="text/html;charset=utf-8" />
  <meta name='ocr-system' content='tesseract 3.04.00' />
  <meta name='ocr-capabilities' content='ocr_page ocr_carea ocr_par ocr_line ocrx_word'/>
</head>
<body>
  <div class='ocr_page' id='page_1' title='image "./omniumconciliiv01martgoog_0148.png"; bbox 0 0 2946 4942; ppageno 0'>
   <div class='ocr_carea' id='block_1_1' title="bbox 555 345 1257 406">
    <p class='ocr_par' dir='ltr' id='par_1_1' title="bbox 555 345 1257 406">
     <span class='ocr_line' id='line_1_1' title="bbox 555 345 1257 406; baseline 0.004 -3"><span class='ocrx_word' id='word_1_1' title='bbox 555 358 594 403; x_wconf 87' lang='lat' dir='ltr'>on</span> <span class='ocrx_word' id='word_1_2' title='bbox 618 357 799 405; x_wconf 76' lang='lat' dir='ltr'>miserruma.</span> <span class='ocrx_word' id='word_1_3' title='bbox 1194 345 1257 406; x_wconf 82' lang='lat'>143</span> 
     </span>
    </p>
   </div>
   <div class='ocr_carea' id='block_1_2' title="bbox 91 494 1263 4246">
    <p class='ocr_par' dir='ltr' id='par_1_2' title="bbox 92 494 1260 1538">
     <span class='ocr_line' id='line_1_2' title="bbox 95 494 1258 579; baseline 0.004 -22"><span class='ocrx_word' id='word_1_4' title='bbox 95 494 230 574; x_wconf 90' lang='lat' dir='ltr'>laribus,</span> <span class='ocrx_word' id='word_1_5' title='bbox 263 513 354 569; x_wconf 84' lang='lat' dir='ltr'>sacro</span> <span class='ocrx_word' id='word_1_6' title='bbox 384 495 444 560; x_wconf 92' lang='lat' dir='ltr'>hoc</span> <span class='ocrx_word' id='word_1_7' title='bbox 467 496 663 578; x_wconf 81' lang='lat' dir='ltr'>approbante</span> <span class='ocrx_word' id='word_1_8' title='bbox 691 494 847 572; x_wconf 87' lang='lat' dir='ltr'>Concilio,</span> <span class='ocrx_word' id='word_1_9' title='bbox 878 497 1030 578; x_wconf 86' lang='lat' dir='ltr'><strong>imprimis</strong></span> <span class='ocrx_word' id='word_1_10' title='bbox 1063 498 1258 579; x_wconf 87' lang='lat' dir='ltr'>mandamus,</span> 
     </span>
     <span class='ocr_line' id='line_1_3' title="bbox 97 582 1259 665; baseline 0.006 -21"><span class='ocrx_word' id='word_1_11' title='bbox 97 587 135 645; x_wconf 89' lang='lat' dir='ltr'>ut</span> <span class='ocrx_word' id='word_1_12' title='bbox 158 582 296 647; x_wconf 84' lang='lat' dir='ltr'>Decreta</span> <span class='ocrx_word' id='word_1_13' title='bbox 319 583 445 662; x_wconf 89' lang='lat' dir='ltr'>eadem,</span> <span class='ocrx_word' id='word_1_14' title='bbox 480 591 513 648; x_wconf 92' lang='lat' dir='ltr'>et</span> <span class='ocrx_word' id='word_1_15' title='bbox 536 583 659 665; x_wconf 90' lang='lat' dir='ltr'>singula</span> <span class='ocrx_word' id='word_1_16' title='bbox 688 585 720 646; x_wconf 93' lang='lat' dir='ltr'>in</span> <span class='ocrx_word' id='word_1_17' title='bbox 744 584 790 649; x_wconf 91' lang='lat' dir='ltr'>eis</span> <span class='ocrx_word' id='word_1_18' title='bbox 814 592 977 664; x_wconf 87' lang='lat' dir='ltr'>contenta,</span> <span class='ocrx_word' id='word_1_19' title='bbox 1008 603 1089 664; x_wconf 87' lang='lat' dir='ltr'>quae</span> <span class='ocrx_word' id='word_1_20' title='bbox 1111 592 1183 650; x_wconf 85' lang='lat' dir='ltr'>rato</span> <span class='ocrx_word' id='word_1_21' title='bbox 1205 585 1259 650; x_wconf 92' lang='lat' dir='ltr'>fir·</span> 
     </span>
     <span class='ocr_line' id='line_1_4' title="bbox 96 670 1258 752; baseline 0.004 -19"><span class='ocrx_word' id='word_1_22' title='bbox 96 686 211 750; x_wconf 91' lang='lat' dir='ltr'>maque</span> <span class='ocrx_word' id='word_1_23' title='bbox 233 687 361 734; x_wconf 87' lang='lat' dir='ltr'>manere</span> <span class='ocrx_word' id='word_1_24' title='bbox 386 671 500 735; x_wconf 89' lang='lat' dir='ltr'>debere</span> <span class='ocrx_word' id='word_1_25' title='bbox 523 670 732 748; x_wconf 68' lang='lat' dir='ltr'>declaramus</span> <span class='ocrx_word' id='word_1_26' title='bbox 767 691 787 736; x_wconf 91' lang='lat' dir='ltr'>a</span> <span class='ocrx_word' id='word_1_27' title='bbox 816 673 958 752; x_wconf 90' lang='lat' dir='ltr'>personis</span> <span class='ocrx_word' id='word_1_28' title='bbox 988 679 1021 736; x_wconf 92' lang='lat' dir='ltr'>et</span> <span class='ocrx_word' id='word_1_29' title='bbox 1050 673 1083 735; x_wconf 96' lang='lat' dir='ltr'>in</span> <span class='ocrx_word' id='word_1_30' title='bbox 1106 673 1258 738; x_wconf 87' lang='lat' dir='ltr'>Ecclesiis</span> 
     </span>
     <span class='ocr_line' id='line_1_5' title="bbox 96 756 1258 840; baseline 0.004 -20"><span class='ocrx_word' id='word_1_31' title='bbox 96 756 160 820; x_wconf 91' lang='lat' dir='ltr'>sibi</span> <span class='ocrx_word' id='word_1_32' title='bbox 181 756 333 836; x_wconf 77' lang='lat' dir='ltr'>subiectis</span> <span class='ocrx_word' id='word_1_33' title='bbox 366 759 490 822; x_wconf 94' lang='lat' dir='ltr'>omnino</span> <span class='ocrx_word' id='word_1_34' title='bbox 513 759 632 822; x_wconf 88' lang='lat' dir='ltr'>servari</span> <span class='ocrx_word' id='word_1_35' title='bbox 655 757 782 823; x_wconf 86' lang='lat' dir='ltr'>faciant.</span> <span class='ocrx_word' id='word_1_36' title='bbox 828 757 869 821; x_wconf 86' lang='lat' dir='ltr'>Et</span> <span class='ocrx_word' id='word_1_37' title='bbox 893 777 953 839; x_wconf 90' lang='lat' dir='ltr'>quo</span> <span class='ocrx_word' id='word_1_38' title='bbox 983 759 1087 839; x_wconf 85' lang='lat' dir='ltr'>aptius</span> <span class='ocrx_word' id='word_1_39' title='bbox 1111 759 1258 840; x_wconf 91' lang='lat' dir='ltr'>imposito</span> 
     </span>
     <span class='ocr_line' id='line_1_6' title="bbox 96 842 1259 927; baseline 0.003 -20"><span class='ocrx_word' id='word_1_40' title='bbox 96 845 159 908; x_wconf 86' lang='lat' dir='ltr'>sibi</span> <span class='ocrx_word' id='word_1_41' title='bbox 180 844 240 909; x_wconf 90' lang='lat' dir='ltr'>hoc</span> <span class='ocrx_word' id='word_1_42' title='bbox 262 863 391 908; x_wconf 92' lang='lat' dir='ltr'>munere</span> <span class='ocrx_word' id='word_1_43' title='bbox 415 842 542 924; x_wconf 83' lang='lat' dir='ltr'><strong>defungi</strong></span> <span class='ocrx_word' id='word_1_44' title='bbox 557 845 695 926; x_wconf 86' lang='lat' dir='ltr'>valeant,</span> <span class='ocrx_word' id='word_1_45' title='bbox 719 846 925 924; x_wconf 90' lang='lat' dir='ltr'>decernimus,</span> <span class='ocrx_word' id='word_1_46' title='bbox 950 854 987 910; x_wconf 93' lang='lat' dir='ltr'>ut</span> <span class='ocrx_word' id='word_1_47' title='bbox 1009 846 1048 910; x_wconf 93' lang='lat' dir='ltr'>de</span> <span class='ocrx_word' id='word_1_48' title='bbox 1064 847 1259 927; x_wconf 80' lang='lat' dir='ltr'><strong>simplicibus</strong></span> 
     </span>
     <span class='ocr_line' id='line_1_7' title="bbox 96 928 1259 1014; baseline 0.003 -18"><span class='ocrx_word' id='word_1_49' title='bbox 96 928 273 1010; x_wconf 88' lang='lat' dir='ltr'>Beneficiis,</span> <span class='ocrx_word' id='word_1_50' title='bbox 303 930 501 1012; x_wconf 84' lang='lat' dir='ltr'>Capellaniis,</span> <span class='ocrx_word' id='word_1_51' title='bbox 524 932 653 1014; x_wconf 81' lang='lat' dir='ltr'>legatis</span> <span class='ocrx_word' id='word_1_52' title='bbox 676 933 744 1014; x_wconf 93' lang='lat' dir='ltr'>piis,</span> <span class='ocrx_word' id='word_1_53' title='bbox 779 933 1011 1013; x_wconf 82' lang='lat' dir='ltr'>Missurumque</span> <span class='ocrx_word' id='word_1_54' title='bbox 1035 935 1183 999; x_wconf 92' lang='lat' dir='ltr'>oneribus</span> <span class='ocrx_word' id='word_1_55' title='bbox 1206 935 1259 999; x_wconf 91' lang='lat' dir='ltr'>iis-</span> 
     </span>
     <span class='ocr_line' id='line_1_8' title="bbox 97 1018 1259 1101; baseline 0.003 -18"><span class='ocrx_word' id='word_1_56' title='bbox 97 1019 171 1083; x_wconf 89' lang='lat' dir='ltr'>dem</span> <span class='ocrx_word' id='word_1_57' title='bbox 193 1018 438 1098; x_wconf 88' lang='lat' dir='ltr'>inhaerentibus,</span> <span class='ocrx_word' id='word_1_58' title='bbox 461 1018 565 1083; x_wconf 89' lang='lat' dir='ltr'>fundis</span> <span class='ocrx_word' id='word_1_59' title='bbox 591 1021 774 1101; x_wconf 79' lang='lat' dir='ltr'>assignatio,</span> <span class='ocrx_word' id='word_1_60' title='bbox 797 1021 960 1099; x_wconf 82' lang='lat' dir='ltr'>reditibus,</span> <span class='ocrx_word' id='word_1_61' title='bbox 985 1021 1259 1087; x_wconf 88' lang='lat' dir='ltr'>administratione</span> 
     </span>
     <span class='ocr_line' id='line_1_9' title="bbox 97 1105 1259 1190; baseline 0.004 -21"><span class='ocrx_word' id='word_1_62' title='bbox 97 1106 350 1187; x_wconf 82' lang='lat' dir='ltr'>descriptionem,</span> <span class='ocrx_word' id='word_1_63' title='bbox 375 1106 474 1171; x_wconf 89' lang='lat' dir='ltr'>sicubi</span> <span class='ocrx_word' id='word_1_64' title='bbox 489 1106 588 1185; x_wconf 88' lang='lat' dir='ltr'>deest,</span> <span class='ocrx_word' id='word_1_65' title='bbox 613 1107 780 1187; x_wconf 87' lang='lat' dir='ltr'>diligenter</span> <span class='ocrx_word' id='word_1_66' title='bbox 796 1105 1022 1173; x_wconf 89' lang='lat' dir='ltr'>conficiendam</span> <span class='ocrx_word' id='word_1_67' title='bbox 1038 1115 1157 1187; x_wconf 90' lang='lat' dir='ltr'>curent,</span> <span class='ocrx_word' id='word_1_68' title='bbox 1176 1127 1259 1190; x_wconf 89' lang='lat' dir='ltr'>quae</span> 
     </span>
     <span class='ocr_line' id='line_1_10' title="bbox 98 1193 1259 1277; baseline 0.003 -19"><span class='ocrx_word' id='word_1_69' title='bbox 98 1193 209 1258; x_wconf 90' lang='lat' dir='ltr'>ordine</span> <span class='ocrx_word' id='word_1_70' title='bbox 242 1193 395 1274; x_wconf 88' lang='lat' dir='ltr'>disposita</span> <span class='ocrx_word' id='word_1_71' title='bbox 428 1194 461 1256; x_wconf 96' lang='lat' dir='ltr'>in</span> <span class='ocrx_word' id='word_1_72' title='bbox 496 1194 609 1258; x_wconf 84' lang='lat' dir='ltr'>Curiae</span> <span class='ocrx_word' id='word_1_73' title='bbox 643 1194 800 1260; x_wconf 87' lang='lat' dir='ltr'>tabulario</span> <span class='ocrx_word' id='word_1_74' title='bbox 834 1195 1033 1274; x_wconf 66' lang='lat' dir='ltr'>adservatum</span> <span class='ocrx_word' id='word_1_75' title='bbox 1070 1196 1259 1277; x_wconf 91' lang='lat' dir='ltr'>eosdemque</span> 
     </span>
     <span class='ocr_line' id='line_1_11' title="bbox 97 1280 1260 1364; baseline 0.001 -19"><span class='ocrx_word' id='word_1_76' title='bbox 97 1288 266 1362; x_wconf 81' lang='lat' dir='ltr'>praeterea</span> <span class='ocrx_word' id='word_1_77' title='bbox 288 1280 460 1359; x_wconf 83' lang='lat' dir='ltr'>hortamur,</span> <span class='ocrx_word' id='word_1_78' title='bbox 485 1289 521 1345; x_wconf 90' lang='lat' dir='ltr'>ut</span> <span class='ocrx_word' id='word_1_79' title='bbox 543 1282 672 1347; x_wconf 92' lang='lat' dir='ltr'>idoneos</span> <span class='ocrx_word' id='word_1_80' title='bbox 698 1282 819 1364; x_wconf 88' lang='lat' dir='ltr'>aliquos</span> <span class='ocrx_word' id='word_1_81' title='bbox 843 1281 1075 1348; x_wconf 86' lang='lat' dir='ltr'>ecclesiasticos</span> <span class='ocrx_word' id='word_1_82' title='bbox 1091 1284 1175 1348; x_wconf 83' lang='lat' dir='ltr'>viros</span> <span class='ocrx_word' id='word_1_83' title='bbox 1198 1284 1260 1348; x_wconf 93' lang='lat' dir='ltr'>sibi</span> 
     </span>
     <span class='ocr_line' id='line_1_12' title="bbox 97 1368 1260 1450; baseline 0.001 -17"><span class='ocrx_word' id='word_1_84' title='bbox 97 1369 292 1448; x_wconf 86' lang='lat' dir='ltr'>adsciscant,</span> <span class='ocrx_word' id='word_1_85' title='bbox 325 1385 458 1447; x_wconf 89' lang='lat' dir='ltr'>quorum</span> <span class='ocrx_word' id='word_1_86' title='bbox 489 1387 584 1449; x_wconf 87' lang='lat' dir='ltr'>opera</span> <span class='ocrx_word' id='word_1_87' title='bbox 607 1368 821 1450; x_wconf 83' lang='lat' dir='ltr'>praefatorum</span> <span class='ocrx_word' id='word_1_88' title='bbox 852 1371 1059 1435; x_wconf 87' lang='lat' dir='ltr'>Decretorum</span> <span class='ocrx_word' id='word_1_89' title='bbox 1083 1371 1260 1435; x_wconf 83' lang='lat' dir='ltr'>executioni</span> 
     </span>
     <span class='ocr_line' id='line_1_13' title="bbox 92 1455 431 1538; baseline 0.006 -19"><span class='ocrx_word' id='word_1_90' title='bbox 92 1456 216 1538; x_wconf 84' lang='lat' dir='ltr'>jugiter</span> <span class='ocrx_word' id='word_1_91' title='bbox 237 1455 431 1536; x_wconf 84' lang='lat' dir='ltr'>provideant.</span> 
     </span>
    </p>

    <p class='ocr_par' dir='ltr' id='par_1_3' title="bbox 95 1541 1261 2583">
     <span class='ocr_line' id='line_1_14' title="bbox 205 1541 1259 1625; baseline 0.002 -19"><span class='ocrx_word' id='word_1_92' title='bbox 205 1541 296 1619; x_wconf 85' lang='lat' dir='ltr'>Quod</span> <span class='ocrx_word' id='word_1_93' title='bbox 331 1545 357 1607; x_wconf 89' lang='lat' dir='ltr'>si</span> <span class='ocrx_word' id='word_1_94' title='bbox 391 1544 603 1622; x_wconf 88' lang='lat' dir='ltr'>comperiatur</span> <span class='ocrx_word' id='word_1_95' title='bbox 629 1545 661 1607; x_wconf 94' lang='lat' dir='ltr'>in</span> <span class='ocrx_word' id='word_1_96' title='bbox 692 1545 798 1625; x_wconf 86' lang='lat' dir='ltr'>aliqua</span> <span class='ocrx_word' id='word_1_97' title='bbox 834 1542 979 1608; x_wconf 83' lang='lat' dir='ltr'>Ecclesia</span> <span class='ocrx_word' id='word_1_98' title='bbox 1013 1550 1077 1608; x_wconf 92' lang='lat' dir='ltr'>tam</span> <span class='ocrx_word' id='word_1_99' title='bbox 1108 1562 1259 1624; x_wconf 91' lang='lat' dir='ltr'>magnum</span> 
     </span>
     <span class='ocr_line' id='line_1_15' title="bbox 95 1626 1258 1695; baseline -0.001 0"><span class='ocrx_word' id='word_1_100' title='bbox 95 1626 267 1695; x_wconf 86' lang='lat' dir='ltr'>Missarum</span> <span class='ocrx_word' id='word_1_101' title='bbox 290 1629 552 1695; x_wconf 87' lang='lat' dir='ltr'>celebrandarum</span> <span class='ocrx_word' id='word_1_102' title='bbox 582 1649 748 1695; x_wconf 92' lang='lat' dir='ltr'>numerum</span> <span class='ocrx_word' id='word_1_103' title='bbox 771 1651 809 1695; x_wconf 83' lang='lat' dir='ltr'>ex</span> <span class='ocrx_word' id='word_1_104' title='bbox 836 1632 932 1695; x_wconf 89' lang='lat' dir='ltr'>variis</span> <span class='ocrx_word' id='word_1_105' title='bbox 964 1629 1185 1695; x_wconf 82' lang='lat' dir='ltr'>defunctorum</span> <span class='ocrx_word' id='word_1_106' title='bbox 1208 1650 1258 1694; x_wconf 88' lang='lat' dir='ltr'>re·</span> 
     </span>
     <span class='ocr_line' id='line_1_16' title="bbox 96 1717 1259 1798; baseline 0.001 -17"><span class='ocrx_word' id='word_1_107' title='bbox 96 1717 183 1782; x_wconf 87' lang='lat' dir='ltr'>lictis</span> <span class='ocrx_word' id='word_1_108' title='bbox 204 1718 384 1798; x_wconf 92' lang='lat' dir='ltr'>impositum</span> <span class='ocrx_word' id='word_1_109' title='bbox 408 1734 492 1796; x_wconf 73' lang='lat' dir='ltr'>esse,</span> <span class='ocrx_word' id='word_1_110' title='bbox 511 1724 546 1779; x_wconf 91' lang='lat' dir='ltr'>ut</span> <span class='ocrx_word' id='word_1_111' title='bbox 568 1717 629 1781; x_wconf 94' lang='lat' dir='ltr'>illis</span> <span class='ocrx_word' id='word_1_112' title='bbox 652 1736 710 1798; x_wconf 93' lang='lat' dir='ltr'>pro</span> <span class='ocrx_word' id='word_1_113' title='bbox 735 1717 866 1798; x_wconf 90' lang='lat' dir='ltr'>singulis</span> <span class='ocrx_word' id='word_1_114' title='bbox 890 1718 1001 1782; x_wconf 90' lang='lat' dir='ltr'>diebus</span> <span class='ocrx_word' id='word_1_115' title='bbox 1016 1738 1036 1782; x_wconf 90' lang='lat' dir='ltr'>a</span> <span class='ocrx_word' id='word_1_116' title='bbox 1051 1718 1259 1783; x_wconf 88' lang='lat' dir='ltr'>testatoribus</span> 
     </span>
     <span class='ocr_line' id='line_1_17' title="bbox 97 1803 1258 1887; baseline 0.002 -20"><span class='ocrx_word' id='word_1_117' title='bbox 97 1805 302 1886; x_wconf 89' lang='lat' dir='ltr'>praescriptis</span> <span class='ocrx_word' id='word_1_118' title='bbox 326 1809 463 1884; x_wconf 89' lang='lat' dir='ltr'>nequeat</span> <span class='ocrx_word' id='word_1_119' title='bbox 484 1803 645 1885; x_wconf 88' lang='lat' dir='ltr'>satisfieri,</span> <span class='ocrx_word' id='word_1_120' title='bbox 677 1805 724 1869; x_wconf 87' lang='lat' dir='ltr'>vel</span> <span class='ocrx_word' id='word_1_121' title='bbox 748 1805 977 1887; x_wconf 89' lang='lat' dir='ltr'>eleemosynam</span> <span class='ocrx_word' id='word_1_122' title='bbox 999 1805 1179 1886; x_wconf 88' lang='lat' dir='ltr'>hujusmodi</span> <span class='ocrx_word' id='word_1_123' title='bbox 1200 1823 1258 1885; x_wconf 93' lang='lat' dir='ltr'>pro</span> 
     </span>
     <span class='ocr_line' id='line_1_18' title="bbox 97 1891 1259 1973; baseline 0 -17"><span class='ocrx_word' id='word_1_124' title='bbox 97 1891 163 1956; x_wconf 93' lang='lat' dir='ltr'>illis</span> <span class='ocrx_word' id='word_1_125' title='bbox 185 1891 383 1956; x_wconf 85' lang='lat' dir='ltr'>celebrandis</span> <span class='ocrx_word' id='word_1_126' title='bbox 406 1893 486 1956; x_wconf 91' lang='lat' dir='ltr'>adeo</span> <span class='ocrx_word' id='word_1_127' title='bbox 502 1898 627 1956; x_wconf 90' lang='lat' dir='ltr'>tenuem</span> <span class='ocrx_word' id='word_1_128' title='bbox 651 1910 729 1969; x_wconf 89' lang='lat' dir='ltr'>esse,</span> <span class='ocrx_word' id='word_1_129' title='bbox 752 1899 788 1955; x_wconf 94' lang='lat' dir='ltr'>ut</span> <span class='ocrx_word' id='word_1_130' title='bbox 811 1911 874 1957; x_wconf 92' lang='lat' dir='ltr'>non</span> <span class='ocrx_word' id='word_1_131' title='bbox 897 1892 989 1956; x_wconf 83' lang='lat' dir='ltr'>t&#39;acile</span> <span class='ocrx_word' id='word_1_132' title='bbox 1011 1893 1190 1956; x_wconf 83' lang='lat' dir='ltr'>inveniatur</span> <span class='ocrx_word' id='word_1_133' title='bbox 1205 1894 1259 1973; x_wconf 89' lang='lat' dir='ltr'>qui</span> 
     </span>
     <span class='ocr_line' id='line_1_19' title="bbox 97 1978 1259 2060; baseline 0.001 -19"><span class='ocrx_word' id='word_1_134' title='bbox 97 1979 177 2042; x_wconf 89' lang='lat' dir='ltr'>velit</span> <span class='ocrx_word' id='word_1_135' title='bbox 199 1979 272 2043; x_wconf 91' lang='lat' dir='ltr'>huic</span> <span class='ocrx_word' id='word_1_136' title='bbox 294 1998 329 2044; x_wconf 89' lang='lat' dir='ltr'>se</span> <span class='ocrx_word' id='word_1_137' title='bbox 345 1981 467 2044; x_wconf 93' lang='lat' dir='ltr'>muneri</span> <span class='ocrx_word' id='word_1_138' title='bbox 481 1979 646 2060; x_wconf 86' lang='lat' dir='ltr'>subjicere,</span> <span class='ocrx_word' id='word_1_139' title='bbox 663 1980 875 2060; x_wconf 91' lang='lat' dir='ltr'>permittimus</span> <span class='ocrx_word' id='word_1_140' title='bbox 891 1986 928 2043; x_wconf 94' lang='lat' dir='ltr'>ut</span> <span class='ocrx_word' id='word_1_141' title='bbox 944 1978 1094 2060; x_wconf 82' lang='lat' dir='ltr'>Episcopi</span> <span class='ocrx_word' id='word_1_142' title='bbox 1108 1981 1139 2043; x_wconf 93' lang='lat' dir='ltr'>in</span> <span class='ocrx_word' id='word_1_143' title='bbox 1157 1980 1259 2059; x_wconf 89' lang='lat' dir='ltr'>prima</span> 
     </span>
     <span class='ocr_line' id='line_1_20' title="bbox 95 2064 1260 2148; baseline 0 -18"><span class='ocrx_word' id='word_1_144' title='bbox 95 2065 225 2148; x_wconf 84' lang='lat' dir='ltr'>Synodo</span> <span class='ocrx_word' id='word_1_145' title='bbox 248 2066 433 2131; x_wconf 88' lang='lat' dir='ltr'>dioecesana</span> <span class='ocrx_word' id='word_1_146' title='bbox 464 2066 642 2146; x_wconf 88' lang='lat' dir='ltr'>posthanc</span> <span class='ocrx_word' id='word_1_147' title='bbox 672 2068 904 2131; x_wconf 89' lang='lat' dir='ltr'>oecumenicam</span> <span class='ocrx_word' id='word_1_148' title='bbox 929 2064 1088 2143; x_wconf 88' lang='lat' dir='ltr'>habenda,</span> <span class='ocrx_word' id='word_1_149' title='bbox 1121 2067 1260 2147; x_wconf 89' lang='lat' dir='ltr'>itemque</span> 
     </span>
     <span class='ocr_line' id='line_1_21' title="bbox 97 2152 1261 2235; baseline 0.001 -18"><span class='ocrx_word' id='word_1_150' title='bbox 97 2153 241 2218; x_wconf 87' lang='lat' dir='ltr'>Abbates</span> <span class='ocrx_word' id='word_1_151' title='bbox 275 2160 307 2217; x_wconf 89' lang='lat' dir='ltr'>et</span> <span class='ocrx_word' id='word_1_152' title='bbox 340 2152 511 2218; x_wconf 85' lang='lat' dir='ltr'>Generoles</span> <span class='ocrx_word' id='word_1_153' title='bbox 534 2152 687 2218; x_wconf 91' lang='lat' dir='ltr'>Ordinum</span> <span class='ocrx_word' id='word_1_154' title='bbox 721 2154 753 2217; x_wconf 93' lang='lat' dir='ltr'>in</span> <span class='ocrx_word' id='word_1_155' title='bbox 785 2154 850 2218; x_wconf 89' lang='lat' dir='ltr'>suis</span> <span class='ocrx_word' id='word_1_156' title='bbox 874 2152 1028 2234; x_wconf 88' lang='lat' dir='ltr'>Capitulis</span> <span class='ocrx_word' id='word_1_157' title='bbox 1059 2153 1261 2235; x_wconf 86' lang='lat' dir='ltr'>generalibus</span> 
     </span>
     <span class='ocr_line' id='line_1_22' title="bbox 96 2240 1261 2322; baseline 0.002 -18"><span class='ocrx_word' id='word_1_158' title='bbox 96 2241 239 2322; x_wconf 85' lang='lat' dir='ltr'>proxime</span> <span class='ocrx_word' id='word_1_159' title='bbox 262 2243 382 2321; x_wconf 90' lang='lat' dir='ltr'>pariter</span> <span class='ocrx_word' id='word_1_160' title='bbox 397 2247 469 2321; x_wconf 89' lang='lat' dir='ltr'>post</span> <span class='ocrx_word' id='word_1_161' title='bbox 493 2241 625 2305; x_wconf 92' lang='lat' dir='ltr'>eandem</span> <span class='ocrx_word' id='word_1_162' title='bbox 648 2242 878 2305; x_wconf 88' lang='lat' dir='ltr'>oecumenicam</span> <span class='ocrx_word' id='word_1_163' title='bbox 891 2241 1049 2322; x_wconf 84' lang='lat' dir='ltr'>Synodum</span> <span class='ocrx_word' id='word_1_164' title='bbox 1065 2240 1261 2306; x_wconf 88' lang='lat' dir='ltr'>celebrandis</span> 
     </span>
     <span class='ocr_line' id='line_1_23' title="bbox 97 2325 1260 2410; baseline -0.002 -18"><span class='ocrx_word' id='word_1_165' title='bbox 97 2329 224 2409; x_wconf 89' lang='lat' dir='ltr'>possint</span> <span class='ocrx_word' id='word_1_166' title='bbox 246 2329 357 2392; x_wconf 89' lang='lat' dir='ltr'>iisdem</span> <span class='ocrx_word' id='word_1_167' title='bbox 391 2329 439 2391; x_wconf 89' lang='lat' dir='ltr'>uti</span> <span class='ocrx_word' id='word_1_168' title='bbox 460 2326 665 2392; x_wconf 84' lang='lat' dir='ltr'>facultatibus</span> <span class='ocrx_word' id='word_1_169' title='bbox 696 2346 775 2408; x_wconf 87' lang='lat' dir='ltr'>quas</span> <span class='ocrx_word' id='word_1_170' title='bbox 806 2326 1024 2391; x_wconf 82' lang='lat' dir='ltr'>Tridentinnm</span> <span class='ocrx_word' id='word_1_171' title='bbox 1049 2325 1224 2391; x_wconf 83' lang='lat' dir='ltr'>Concilium</span> <span class='ocrx_word' id='word_1_172' title='bbox 1235 2329 1260 2410; x_wconf 89' lang='lat'>¹)</span> 
     </span>
     <span class='ocr_line' id='line_1_24' title="bbox 97 2414 1261 2497; baseline 0 -19"><span class='ocrx_word' id='word_1_173' title='bbox 97 2417 131 2479; x_wconf 95' lang='lat' dir='ltr'>in</span> <span class='ocrx_word' id='word_1_174' title='bbox 154 2415 307 2479; x_wconf 89' lang='lat' dir='ltr'>similibus</span> <span class='ocrx_word' id='word_1_175' title='bbox 338 2433 446 2480; x_wconf 90' lang='lat' dir='ltr'>rerum</span> <span class='ocrx_word' id='word_1_176' title='bbox 472 2415 629 2497; x_wconf 90' lang='lat' dir='ltr'>adjunctis</span> <span class='ocrx_word' id='word_1_177' title='bbox 659 2417 703 2479; x_wconf 90' lang='lat' dir='ltr'>eis</span> <span class='ocrx_word' id='word_1_178' title='bbox 726 2414 890 2478; x_wconf 89' lang='lat' dir='ltr'>attribuit:</span> <span class='ocrx_word' id='word_1_179' title='bbox 925 2414 1092 2479; x_wconf 87' lang='lat' dir='ltr'>contrariis</span> <span class='ocrx_word' id='word_1_180' title='bbox 1120 2432 1183 2479; x_wconf 92' lang='lat' dir='ltr'>non</span> <span class='ocrx_word' id='word_1_181' title='bbox 1206 2415 1261 2479; x_wconf 93' lang='lat' dir='ltr'>ob·</span> 
     </span>
     <span class='ocr_line' id='line_1_25' title="bbox 96 2503 537 2583; baseline 0.007 -18"><span class='ocrx_word' id='word_1_182' title='bbox 96 2503 258 2567; x_wconf 87' lang='lat' dir='ltr'>stantibus</span> <span class='ocrx_word' id='word_1_183' title='bbox 280 2503 537 2583; x_wconf 86' lang='lat' dir='ltr'>quibuscumque.</span> 
     </span>
    </p>

    <p class='ocr_par' dir='ltr' id='par_1_4' title="bbox 95 2588 1263 3527">
     <span class='ocr_line' id='line_1_26' title="bbox 206 2588 1261 2669; baseline -0.001 -17"><span class='ocrx_word' id='word_1_184' title='bbox 206 2589 249 2653; x_wconf 87' lang='lat' dir='ltr'>Et</span> <span class='ocrx_word' id='word_1_185' title='bbox 270 2608 341 2654; x_wconf 90' lang='lat' dir='ltr'>curn</span> <span class='ocrx_word' id='word_1_186' title='bbox 363 2590 497 2654; x_wconf 84' lang='lat' dir='ltr'>maxime</span> <span class='ocrx_word' id='word_1_187' title='bbox 524 2591 650 2654; x_wconf 92' lang='lat' dir='ltr'>intersit</span> <span class='ocrx_word' id='word_1_188' title='bbox 672 2595 709 2652; x_wconf 89' lang='lat' dir='ltr'>ut</span> <span class='ocrx_word' id='word_1_189' title='bbox 741 2607 803 2654; x_wconf 93' lang='lat' dir='ltr'>non</span> <span class='ocrx_word' id='word_1_190' title='bbox 826 2589 1020 2669; x_wconf 89' lang='lat' dir='ltr'>recipiantur</span> <span class='ocrx_word' id='word_1_191' title='bbox 1042 2588 1261 2669; x_wconf 85' lang='lat' dir='ltr'>eleemosynae</span> 
     </span>
     <span class='ocr_line' id='line_1_27' title="bbox 96 2675 1261 2759; baseline -0.001 -19"><span class='ocrx_word' id='word_1_192' title='bbox 96 2676 262 2741; x_wconf 88' lang='lat' dir='ltr'>manuales</span> <span class='ocrx_word' id='word_1_193' title='bbox 295 2683 327 2741; x_wconf 88' lang='lat' dir='ltr'>et</span> <span class='ocrx_word' id='word_1_194' title='bbox 361 2677 563 2757; x_wconf 88' lang='lat' dir='ltr'>quotidianae</span> <span class='ocrx_word' id='word_1_195' title='bbox 591 2675 778 2759; x_wconf 92' lang='lat' dir='ltr'>promissis</span> <span class='ocrx_word' id='word_1_196' title='bbox 806 2694 886 2756; x_wconf 88' lang='lat' dir='ltr'>quae</span> <span class='ocrx_word' id='word_1_197' title='bbox 914 2676 999 2739; x_wconf 91' lang='lat' dir='ltr'>intra</span> <span class='ocrx_word' id='word_1_198' title='bbox 1032 2676 1261 2756; x_wconf 90' lang='lat' dir='ltr'>praescriptum</span> 
     </span>
     <span class='ocr_line' id='line_1_28' title="bbox 98 2762 1263 2845; baseline -0.001 -17"><span class='ocrx_word' id='word_1_199' title='bbox 98 2771 158 2829; x_wconf 85' lang='lat' dir='ltr'>ant</span> <span class='ocrx_word' id='word_1_200' title='bbox 181 2764 338 2829; x_wconf 91' lang='lat' dir='ltr'>modicum</span> <span class='ocrx_word' id='word_1_201' title='bbox 369 2770 495 2844; x_wconf 92' lang='lat' dir='ltr'>tempus</span> <span class='ocrx_word' id='word_1_202' title='bbox 527 2770 685 2844; x_wconf 88' lang='lat' dir='ltr'>nequeant</span> <span class='ocrx_word' id='word_1_203' title='bbox 715 2762 882 2845; x_wconf 90' lang='lat' dir='ltr'>celebrari,</span> <span class='ocrx_word' id='word_1_204' title='bbox 911 2770 1082 2844; x_wconf 87' lang='lat' dir='ltr'>propterea</span> <span class='ocrx_word' id='word_1_205' title='bbox 1111 2762 1263 2844; x_wconf 89' lang='lat' dir='ltr'>Episcopi</span> 
     </span>
     <span class='ocr_line' id='line_1_29' title="bbox 96 2849 1261 2932; baseline -0.001 -16"><span class='ocrx_word' id='word_1_206' title='bbox 96 2851 217 2931; x_wconf 88' lang='lat' dir='ltr'>aliique</span> <span class='ocrx_word' id='word_1_207' title='bbox 239 2850 392 2932; x_wconf 84' lang='lat' dir='ltr'>Praelati,</span> <span class='ocrx_word' id='word_1_208' title='bbox 419 2852 511 2932; x_wconf 83' lang='lat' dir='ltr'>juxta</span> <span class='ocrx_word' id='word_1_209' title='bbox 533 2851 765 2916; x_wconf 88' lang='lat' dir='ltr'>ordinationem</span> <span class='ocrx_word' id='word_1_210' title='bbox 794 2849 853 2914; x_wconf 89' lang='lat' dir='ltr'>hac</span> <span class='ocrx_word' id='word_1_211' title='bbox 877 2850 915 2913; x_wconf 89' lang='lat' dir='ltr'>de</span> <span class='ocrx_word' id='word_1_212' title='bbox 950 2850 1040 2914; x_wconf 93' lang='lat' dir='ltr'>rein</span> <span class='ocrx_word' id='word_1_213' title='bbox 1063 2850 1175 2915; x_wconf 87' lang='lat' dir='ltr'>iisdem</span> <span class='ocrx_word' id='word_1_214' title='bbox 1199 2851 1261 2915; x_wconf 89' lang='lat' dir='ltr'>De·</span> 
     </span>
     <span class='ocr_line' id='line_1_30' title="bbox 95 2937 1262 3019; baseline -0.003 -16"><span class='ocrx_word' id='word_1_215' title='bbox 95 2939 196 3003; x_wconf 87' lang='lat' dir='ltr'>oretis</span> <span class='ocrx_word' id='word_1_216' title='bbox 219 2956 407 3018; x_wconf 83' lang='lat' dir='ltr'>expressam,</span> <span class='ocrx_word' id='word_1_217' title='bbox 431 2938 540 3003; x_wconf 91' lang='lat' dir='ltr'>sedulo</span> <span class='ocrx_word' id='word_1_218' title='bbox 571 2937 744 3019; x_wconf 84' lang='lat' dir='ltr'>advigilent</span> <span class='ocrx_word' id='word_1_219' title='bbox 766 2942 800 3000; x_wconf 87' lang='lat' dir='ltr'>ut</span> <span class='ocrx_word' id='word_1_220' title='bbox 824 2937 1018 3017; x_wconf 86' lang='lat' dir='ltr'>Superiores,</span> <span class='ocrx_word' id='word_1_221' title='bbox 1042 2937 1203 3016; x_wconf 88' lang='lat' dir='ltr'>Rectores,</span> <span class='ocrx_word' id='word_1_222' title='bbox 1227 2943 1262 3002; x_wconf 87' lang='lat' dir='ltr'>et</span> 
     </span>
     <span class='ocr_line' id='line_1_31' title="bbox 97 3024 1262 3107; baseline -0.001 -18"><span class='ocrx_word' id='word_1_223' title='bbox 97 3026 237 3090; x_wconf 89' lang='lat' dir='ltr'>Ministri</span> <span class='ocrx_word' id='word_1_224' title='bbox 258 3025 473 3091; x_wconf 88' lang='lat' dir='ltr'>Ecclesiarum</span> <span class='ocrx_word' id='word_1_225' title='bbox 504 3032 631 3107; x_wconf 88' lang='lat' dir='ltr'>praeter</span> <span class='ocrx_word' id='word_1_226' title='bbox 653 3024 767 3089; x_wconf 92' lang='lat' dir='ltr'>librum</span> <span class='ocrx_word' id='word_1_227' title='bbox 791 3025 823 3088; x_wconf 92' lang='lat' dir='ltr'>in</span> <span class='ocrx_word' id='word_1_228' title='bbox 847 3041 908 3104; x_wconf 89' lang='lat' dir='ltr'>quo</span> <span class='ocrx_word' id='word_1_229' title='bbox 932 3042 1029 3088; x_wconf 87' lang='lat' dir='ltr'>onera</span> <span class='ocrx_word' id='word_1_230' title='bbox 1052 3028 1206 3106; x_wconf 86' lang='lat' dir='ltr'>perpetua</span> <span class='ocrx_word' id='word_1_231' title='bbox 1228 3027 1262 3088; x_wconf 88' lang='lat' dir='ltr'>et</span> 
     </span>
     <span class='ocr_line' id='line_1_32' title="bbox 96 3111 1259 3194; baseline -0.003 -16"><span class='ocrx_word' id='word_1_232' title='bbox 96 3113 292 3194; x_wconf 84' lang='lat' dir='ltr'>temporaria</span> <span class='ocrx_word' id='word_1_233' title='bbox 314 3113 550 3192; x_wconf 86' lang='lat' dir='ltr'>describuntur,</span> <span class='ocrx_word' id='word_1_234' title='bbox 578 3112 714 3176; x_wconf 89' lang='lat' dir='ltr'>alterum</span> <span class='ocrx_word' id='word_1_235' title='bbox 736 3112 852 3175; x_wconf 91' lang='lat' dir='ltr'>librum</span> <span class='ocrx_word' id='word_1_236' title='bbox 875 3111 908 3175; x_wconf 91' lang='lat' dir='ltr'>in</span> <span class='ocrx_word' id='word_1_237' title='bbox 931 3112 1071 3175; x_wconf 88' lang='lat' dir='ltr'>sacrario</span> <span class='ocrx_word' id='word_1_238' title='bbox 1095 3114 1259 3192; x_wconf 86' lang='lat' dir='ltr'>retineant,</span> 
     </span>
     <span class='ocr_line' id='line_1_33' title="bbox 96 3197 1260 3281; baseline -0.003 -16"><span class='ocrx_word' id='word_1_239' title='bbox 96 3203 217 3281; x_wconf 92' lang='lat' dir='ltr'>inquo</span> <span class='ocrx_word' id='word_1_240' title='bbox 241 3199 356 3264; x_wconf 86' lang='lat' dir='ltr'>Missas</span> <span class='ocrx_word' id='word_1_241' title='bbox 379 3200 555 3279; x_wconf 88' lang='lat' dir='ltr'>manuales,</span> <span class='ocrx_word' id='word_1_242' title='bbox 587 3217 761 3279; x_wconf 89' lang='lat' dir='ltr'>earumque</span> <span class='ocrx_word' id='word_1_243' title='bbox 784 3199 997 3279; x_wconf 87' lang='lat' dir='ltr'>eleemosynas</span> <span class='ocrx_word' id='word_1_244' title='bbox 1024 3202 1056 3262; x_wconf 93' lang='lat' dir='ltr'>et</span> <span class='ocrx_word' id='word_1_245' title='bbox 1078 3197 1260 3279; x_wconf 90' lang='lat' dir='ltr'>implemen-</span> 
     </span>
     <span class='ocr_line' id='line_1_34' title="bbox 96 3285 1262 3365; baseline -0.003 -13"><span class='ocrx_word' id='word_1_246' title='bbox 96 3296 168 3352; x_wconf 91' lang='lat' dir='ltr'>tum</span> <span class='ocrx_word' id='word_1_247' title='bbox 190 3294 339 3352; x_wconf 87' lang='lat' dir='ltr'>accurate</span> <span class='ocrx_word' id='word_1_248' title='bbox 372 3307 409 3351; x_wconf 90' lang='lat' dir='ltr'>ac</span> <span class='ocrx_word' id='word_1_249' title='bbox 438 3287 581 3352; x_wconf 88' lang='lat' dir='ltr'>distincte</span> <span class='ocrx_word' id='word_1_250' title='bbox 619 3288 771 3351; x_wconf 89' lang='lat' dir='ltr'>adnotare</span> <span class='ocrx_word' id='word_1_251' title='bbox 800 3290 989 3365; x_wconf 89' lang='lat' dir='ltr'>teneantur;</span> <span class='ocrx_word' id='word_1_252' title='bbox 1024 3293 1057 3349; x_wconf 92' lang='lat' dir='ltr'>et</span> <span class='ocrx_word' id='word_1_253' title='bbox 1087 3285 1127 3349; x_wconf 90' lang='lat' dir='ltr'>ab</span> <span class='ocrx_word' id='word_1_254' title='bbox 1151 3285 1262 3350; x_wconf 88' lang='lat' dir='ltr'>iisdem</span> 
     </span>
     <span class='ocr_line' id='line_1_35' title="bbox 97 3372 1262 3455; baseline -0.002 -17"><span class='ocrx_word' id='word_1_255' title='bbox 97 3375 139 3440; x_wconf 91' lang='lat' dir='ltr'>de</span> <span class='ocrx_word' id='word_1_256' title='bbox 177 3375 346 3455; x_wconf 85' lang='lat' dir='ltr'>praedictis</span> <span class='ocrx_word' id='word_1_257' title='bbox 379 3376 521 3439; x_wconf 91' lang='lat' dir='ltr'>omnibus</span> <span class='ocrx_word' id='word_1_258' title='bbox 553 3376 707 3439; x_wconf 87' lang='lat' dir='ltr'>rationem</span> <span class='ocrx_word' id='word_1_259' title='bbox 742 3372 883 3453; x_wconf 89' lang='lat' dir='ltr'>quolibet</span> <span class='ocrx_word' id='word_1_260' title='bbox 915 3391 997 3437; x_wconf 88' lang='lat' dir='ltr'>anno</span> <span class='ocrx_word' id='word_1_261' title='bbox 1036 3373 1160 3455; x_wconf 80' lang='lat' dir='ltr'>erigere</span> <span class='ocrx_word' id='word_1_262' title='bbox 1198 3389 1262 3436; x_wconf 90' lang='lat' dir='ltr'>non</span> 
     </span>
     <span class='ocr_line' id='line_1_36' title="bbox 95 3463 259 3527; baseline -0.018 0"><span class='ocrx_word' id='word_1_263' title='bbox 95 3463 259 3527; x_wconf 84' lang='lat' dir='ltr'>onrittant.</span> 
     </span>
    </p>

    <p class='ocr_par' dir='ltr' id='par_1_5' title="bbox 91 3546 1263 4246">
     <span class='ocr_line' id='line_1_37' title="bbox 205 3546 1262 3628; baseline -0.002 -15"><span class='ocrx_word' id='word_1_264' title='bbox 205 3549 269 3613; x_wconf 89' lang='lat' dir='ltr'>Sed</span> <span class='ocrx_word' id='word_1_265' title='bbox 291 3549 365 3628; x_wconf 87' lang='lat' dir='ltr'>quia</span> <span class='ocrx_word' id='word_1_266' title='bbox 394 3567 457 3612; x_wconf 90' lang='lat' dir='ltr'>non</span> <span class='ocrx_word' id='word_1_267' title='bbox 479 3548 581 3612; x_wconf 90' lang='lat' dir='ltr'>solum</span> <span class='ocrx_word' id='word_1_268' title='bbox 613 3549 652 3612; x_wconf 90' lang='lat' dir='ltr'>de</span> <span class='ocrx_word' id='word_1_269' title='bbox 676 3546 760 3612; x_wconf 87' lang='lat' dir='ltr'>fideli</span> <span class='ocrx_word' id='word_1_270' title='bbox 789 3565 920 3612; x_wconf 92' lang='lat' dir='ltr'>onerum</span> <span class='ocrx_word' id='word_1_271' title='bbox 953 3547 1121 3610; x_wconf 81' lang='lat' dir='ltr'>Missurum</span> <span class='ocrx_word' id='word_1_272' title='bbox 1150 3546 1262 3627; x_wconf 90' lang='lat' dir='ltr'>imple·</span> 
     </span>
     <span class='ocr_line' id='line_1_38' title="bbox 95 3633 1263 3714; baseline 0 -15"><span class='ocrx_word' id='word_1_273' title='bbox 95 3642 205 3701; x_wconf 85' lang='lat' dir='ltr'>mento</span> <span class='ocrx_word' id='word_1_274' title='bbox 222 3635 349 3700; x_wconf 90' lang='lat' dir='ltr'>solliciti</span> <span class='ocrx_word' id='word_1_275' title='bbox 365 3652 435 3699; x_wconf 90' lang='lat' dir='ltr'>esse</span> <span class='ocrx_word' id='word_1_276' title='bbox 451 3636 611 3714; x_wconf 83' lang='lat' dir='ltr'>debemus,</span> <span class='ocrx_word' id='word_1_277' title='bbox 628 3653 738 3698; x_wconf 89' lang='lat' dir='ltr'>verum</span> <span class='ocrx_word' id='word_1_278' title='bbox 761 3635 792 3697; x_wconf 96' lang='lat' dir='ltr'>in</span> <span class='ocrx_word' id='word_1_279' title='bbox 816 3635 893 3699; x_wconf 91' lang='lat' dir='ltr'>illud</span> <span class='ocrx_word' id='word_1_280' title='bbox 910 3635 1003 3698; x_wconf 88' lang='lat' dir='ltr'>etiam</span> <span class='ocrx_word' id='word_1_281' title='bbox 1020 3635 1128 3698; x_wconf 89' lang='lat' dir='ltr'>studia</span> <span class='ocrx_word' id='word_1_282' title='bbox 1144 3633 1263 3699; x_wconf 85' lang='lat' dir='ltr'>Nostra</span> 
     </span>
     <span class='ocr_line' id='line_1_39' title="bbox 96 3720 1262 3803; baseline -0.002 -16"><span class='ocrx_word' id='word_1_283' title='bbox 96 3723 310 3788; x_wconf 85' lang='lat' dir='ltr'>convertenda</span> <span class='ocrx_word' id='word_1_284' title='bbox 345 3728 426 3801; x_wconf 90' lang='lat' dir='ltr'>sunt,</span> <span class='ocrx_word' id='word_1_285' title='bbox 459 3729 495 3786; x_wconf 89' lang='lat' dir='ltr'>ut</span> <span class='ocrx_word' id='word_1_286' title='bbox 526 3722 677 3803; x_wconf 89' lang='lat' dir='ltr'>quidquid</span> <span class='ocrx_word' id='word_1_287' title='bbox 708 3723 902 3786; x_wconf 84' lang='lat' dir='ltr'>sacrosancti</span> <span class='ocrx_word' id='word_1_288' title='bbox 936 3720 1081 3786; x_wconf 84' lang='lat' dir='ltr'>sacrificii</span> <span class='ocrx_word' id='word_1_289' title='bbox 1112 3721 1197 3801; x_wconf 90' lang='lat' dir='ltr'>quod</span> <span class='ocrx_word' id='word_1_290' title='bbox 1228 3721 1262 3785; x_wconf 93' lang='lat' dir='ltr'>in</span> 
     </span>
     <span class='ocr_line' id='line_1_40' title="bbox 96 3808 1261 3890; baseline -0.001 -17"><span class='ocrx_word' id='word_1_291' title='bbox 96 3808 199 3875; x_wconf 87' lang='lat' dir='ltr'>Missa</span> <span class='ocrx_word' id='word_1_292' title='bbox 222 3809 352 3874; x_wconf 81' lang='lat' dir='ltr'>offertur</span> <span class='ocrx_word' id='word_1_293' title='bbox 381 3810 566 3890; x_wconf 84' lang='lat' dir='ltr'>dignitatem</span> <span class='ocrx_word' id='word_1_294' title='bbox 591 3809 743 3873; x_wconf 83' lang='lat' dir='ltr'>dedeceat</span> <span class='ocrx_word' id='word_1_295' title='bbox 766 3829 783 3871; x_wconf 93' lang='lat' dir='ltr'>e</span> <span class='ocrx_word' id='word_1_296' title='bbox 806 3810 908 3873; x_wconf 89' lang='lat' dir='ltr'>medio</span> <span class='ocrx_word' id='word_1_297' title='bbox 934 3808 1076 3889; x_wconf 85' lang='lat' dir='ltr'>tollatur,</span> <span class='ocrx_word' id='word_1_298' title='bbox 1110 3808 1182 3872; x_wconf 92' lang='lat' dir='ltr'>binc</span> <span class='ocrx_word' id='word_1_299' title='bbox 1206 3809 1261 3872; x_wconf 89' lang='lat' dir='ltr'>ab·</span> 
     </span>
     <span class='ocr_line' id='line_1_41' title="bbox 95 3896 1263 3978; baseline -0.002 -18"><span class='ocrx_word' id='word_1_300' title='bbox 95 3915 192 3961; x_wconf 92' lang='lat' dir='ltr'>usum</span> <span class='ocrx_word' id='word_1_301' title='bbox 214 3897 404 3978; x_wconf 89' lang='lat' dir='ltr'>quibusdam</span> <span class='ocrx_word' id='word_1_302' title='bbox 428 3898 459 3959; x_wconf 94' lang='lat' dir='ltr'>in</span> <span class='ocrx_word' id='word_1_303' title='bbox 482 3897 558 3961; x_wconf 88' lang='lat' dir='ltr'>locis</span> <span class='ocrx_word' id='word_1_304' title='bbox 581 3897 740 3960; x_wconf 84' lang='lat' dir='ltr'>invectum</span> <span class='ocrx_word' id='word_1_305' title='bbox 756 3896 925 3960; x_wconf 91' lang='lat' dir='ltr'>Missarum</span> <span class='ocrx_word' id='word_1_306' title='bbox 950 3896 1162 3976; x_wconf 85' lang='lat' dir='ltr'>eleemosynas</span> <span class='ocrx_word' id='word_1_307' title='bbox 1185 3912 1263 3974; x_wconf 85' lang='lat' dir='ltr'>qua·</span> 
     </span>
     <span class='ocr_line' id='line_1_42' title="bbox 94 3981 1262 4064; baseline -0.002 -16"><span class='ocrx_word' id='word_1_308' title='bbox 94 3985 173 4049; x_wconf 89' lang='lat' dir='ltr'>dam</span> <span class='ocrx_word' id='word_1_309' title='bbox 194 3984 417 4064; x_wconf 90' lang='lat' dir='ltr'>negotiationis</span> <span class='ocrx_word' id='word_1_310' title='bbox 442 3986 547 4064; x_wconf 91' lang='lat' dir='ltr'>specie</span> <span class='ocrx_word' id='word_1_311' title='bbox 570 3984 775 4063; x_wconf 90' lang='lat' dir='ltr'>conquirendi</span> <span class='ocrx_word' id='word_1_312' title='bbox 797 4001 926 4063; x_wconf 91' lang='lat' dir='ltr'>prorsus</span> <span class='ocrx_word' id='word_1_313' title='bbox 942 3981 1151 4062; x_wconf 90' lang='lat' dir='ltr'>reprobamus</span> <span class='ocrx_word' id='word_1_314' title='bbox 1166 3989 1262 4062; x_wconf 86' lang='lat' dir='ltr'>atque</span> 
     </span>
     <span class='ocr_line' id='line_1_43' title="bbox 91 4067 1260 4150; baseline -0.003 -14"><span class='ocrx_word' id='word_1_315' title='bbox 91 4071 325 4136; x_wconf 86' lang='lat' dir='ltr'>interdicimus.</span> <span class='ocrx_word' id='word_1_316' title='bbox 361 4069 521 4135; x_wconf 89' lang='lat' dir='ltr'>Ordinarii</span> <span class='ocrx_word' id='word_1_317' title='bbox 543 4078 651 4134; x_wconf 88' lang='lat' dir='ltr'>autem</span> <span class='ocrx_word' id='word_1_318' title='bbox 674 4069 822 4149; x_wconf 84' lang='lat' dir='ltr'>locorum,</span> <span class='ocrx_word' id='word_1_319' title='bbox 846 4070 1034 4148; x_wconf 89' lang='lat' dir='ltr'>ubicumque</span> <span class='ocrx_word' id='word_1_320' title='bbox 1051 4087 1132 4150; x_wconf 90' lang='lat' dir='ltr'>opus</span> <span class='ocrx_word' id='word_1_321' title='bbox 1154 4067 1260 4148; x_wconf 85' lang='lat' dir='ltr'>fuerit,</span> 
     </span>
     <span class='ocr_line' id='line_1_44' title="bbox 93 4154 1259 4246; baseline -0.003 -23"><span class='ocrx_word' id='word_1_322' title='bbox 93 4159 209 4239; x_wconf 92' lang='lat' dir='ltr'>poenis</span> <span class='ocrx_word' id='word_1_323' title='bbox 231 4159 329 4223; x_wconf 90' lang='lat' dir='ltr'>etiam</span> <span class='ocrx_word' id='word_1_324' title='bbox 349 4158 529 4239; x_wconf 89' lang='lat' dir='ltr'>propositis,</span> <span class='ocrx_word' id='word_1_325' title='bbox 554 4157 734 4239; x_wconf 79' lang='lat' dir='ltr'>huJusmodi</span> <span class='ocrx_word' id='word_1_326' title='bbox 750 4157 1022 4238; x_wconf 86' lang='lat' dir='ltr'>eleemosynarum</span> <span class='ocrx_word' id='word_1_327' title='bbox 1039 4154 1259 4246; x_wconf 86' lang='lat' dir='ltr'>collectoribus</span> 
     </span>
    </p>
   </div>
   <div class='ocr_carea' id='block_1_3' title="bbox 208 4345 739 4437">
    <p class='ocr_par' dir='ltr' id='par_1_6' title="bbox 208 4345 739 4437">
     <span class='ocr_line' id='line_1_45' title="bbox 208 4345 739 4437; baseline 0.006 -36"><span class='ocrx_word' id='word_1_328' title='bbox 208 4345 229 4437; x_wconf 72' lang='lat'>¹)</span> <span class='ocrx_word' id='word_1_329' title='bbox 248 4346 320 4402; x_wconf 78' lang='lat' dir='ltr'>Sess.</span> <span class='ocrx_word' id='word_1_330' title='bbox 340 4348 426 4403; x_wconf 85' lang='lat' dir='ltr'><strong>XXV.</strong></span> <span class='ocrx_word' id='word_1_331' title='bbox 444 4365 504 4416; x_wconf 85' lang='lat' dir='ltr'>cap.</span> <span class='ocrx_word' id='word_1_332' title='bbox 522 4351 547 4400; x_wconf 76' lang='lat'>4.</span> <span class='ocrx_word' id='word_1_333' title='bbox 566 4347 600 4402; x_wconf 88' lang='lat' dir='ltr'>de</span> <span class='ocrx_word' id='word_1_334' title='bbox 619 4348 739 4404; x_wconf 84' lang='lat' dir='ltr'>Reform.</span> 
     </span>
    </p>
   </div>
   <div class='ocr_carea' id='block_1_4' title="bbox 0 0 1484 4942">
    <p class='ocr_par' dir='ltr' id='par_1_7' title="bbox 0 0 1484 4942">
     <span class='ocr_line' id='line_1_46' title="bbox 0 0 1484 4942; baseline 0 0"><span class='ocrx_word' id='word_1_335' title='bbox 0 0 1484 4942; x_wconf 95' lang='lat' dir='ltr'> </span> 
     </span>
    </p>
   </div>
  </div>
 </body>
</html>
