2954 4936
632 335 670 381 nn
693 333 870 383 nrscrmnm.
1269 324 1333 385 199
1435 394 1438 399 ,

278 474 317 540 II.
341 475 432 552 Quod
456 475 481 538 si
497 473 578 538 haec
594 490 684 538 sacro
701 470 839 538 Concilio
856 474 957 538 minus
973 475 1139 538 convenire
1153 474 1332 554 videantur,

171 569 256 645 peto,
280 569 316 626 ut
338 562 451 628 saltem
475 562 575 643 primo
599 561 729 626 concilio
746 560 936 625 Provinciali
959 568 1033 642 post
1055 567 1258 642 praesentem
1282 580 1331 644 sy·

171 650 290 715 nodum
319 649 464 715 habendo
496 650 721 727 committatur,
756 654 792 713 ut
814 646 944 713 definiat
974 655 1007 713 et
1029 653 1158 730 statuat,
1194 667 1277 731 quae
1300 651 1333 714 in

172 738 308 803 Domino
341 738 373 800 in
404 736 464 802 hac
495 756 530 801 re
565 737 666 816 magis
702 736 849 817 expedire
881 738 1012 813 noverit,
1046 737 1156 817 poenis
1185 734 1333 802 ferendae

172 826 351 889 sententiae
373 824 543 906 propositis
566 825 599 889 in
622 840 685 903 eos,
719 823 782 904 qui,
815 823 957 903 legitima
986 841 1082 888 causa
1110 824 1151 888 ab
1173 823 1332 906 Episcopo

172 913 302 994 cognita
324 919 357 976 et
379 912 555 993 approbata
576 929 640 975 non
655 912 805 990 excusati,
829 910 1057 976 confessionem
1072 911 1333 976 sacramentalem

154 999 260 1079 ,ultra
282 1000 431 1063 bimestre
454 1000 733 1080 procrastinentur.

279 1086 430 1167 Denique,
465 1087 650 1150 Beatissimo
673 1085 779 1165 Pater,
814 1083 1028 1164 Apostolicam
1057 1084 1156 1148 Tuam
1187 1084 1334 1149 benedic·
1402 1143 1411 1149 .

171 1173 291 1238 tionem
313 1173 446 1256 supplex
467 1174 610 1254 imploro.

279 1311 398 1376 Romae
422 1316 452 1376 8.
476 1312 584 1377 Martii
612 1315 705 1377 1870.

648 1533 858 1540 ——-.

648 1545 858 1554 -———

398 1767 450 1851 13.
493 1765 757 1859 PRCPCSIIIC
787 1765 894 1848 SIVE
923 1763 1108 1847 SCHEIIA
1204 1744 1217 1751 ⁸

172 1924 292 2004 QUOD
314 1923 398 1990 PRO
428 1923 624 1989 JUVANDA
652 1922 889 1988 DISCIPLINA
918 1921 1043 2014 CLERI
1072 1922 1255 1988 EXAMINI
1277 1922 1330 1987 ΕΤ

189 2029 358 2097 JUDICIO
380 2028 845 2094 REVERENDISSIMORUM
868 2027 1041 2093 PATRUM
1065 2026 1312 2092 CONCREGA-

283 2133 420 2200 TIONIS
442 2133 710 2199 DESIGNATAE
732 2132 1019 2197 REVERENTER
1041 2133 1225 2199 EXPCNIT

483 2237 712 2304 EPISCOPUS
735 2237 1018 2302 ALBINGANEN.

243 2458 246 2463 .
278 2394 438 2461 Diuturna
453 2395 613 2477 regiminis
628 2394 797 2475 pastoralis
813 2396 1007 2477 experientia
1023 2414 1073 2460 me
1089 2395 1222 2473 edocuit,
1236 2393 1333 2475 (quod

171 2480 281 2547 forsan
302 2482 410 2564 plures
432 2482 592 2547 Ecclesiae
608 2483 773 2546 AntistItes
790 2501 823 2546 se
846 2490 991 2563 expertos
1006 2481 1102 2547 finisse
1124 2481 1330 2563 fatebuntur),

172 2568 362 2634 Sacerdotes
385 2571 438 2651 qui
468 2570 508 2633 ad
531 2569 658 2633 titulum
681 2571 729 2634 sui
759 2570 948 2650 patrimonii,
983 2570 1032 2633 vel
1056 2570 1206 2651 simplicis
1237 2571 1332 2649 bene:

173 2653 236 2722 ficii
260 2657 456 2732 ordinantur,
492 2657 605 2736 quique
628 2657 749 2720 nullum
772 2661 936 2721 assumunt
958 2676 1082 2736 munde,
1117 2675 1217 2738 neque
1240 2674 1332 2738 paro-

174 2743 283 2823 chiale,
307 2762 408 2825 neque
424 2742 644 2808 scholasticum
667 2745 699 2808 in
713 2743 895 2808 Seminariis
918 2745 969 2809 vel
985 2743 1141 2824 Collegiis,
1166 2749 1222 2808 aut
1246 2742 1333 2807 aliud

173 2831 257 2912 quod
281 2849 335 2895 eos
358 2830 564 2911 habitualiter
596 2837 766 2914 occupatos
795 2832 945 2910 detineat,
973 2830 1137 2896 EcclesIae
1159 2838 1192 2896 et
1214 2830 1332 2913 populo

172 2917 258 2983 fideli
280 2936 383 2998 paene
405 2917 540 2997 inutiles
570 2919 633 2982 imo
657 2919 782 3000 saepius
805 2921 915 2984 noxios
937 2919 1044 3000 plures
1067 2919 1164 2984 exiis
1188 2919 1331 2994 existere,
1458 2914 1460 2919 ’

173 3009 285 3086 utpote
318 3006 372 3085 qui
405 3010 533 3086 torpent
566 3007 644 3085 otio,
679 3006 728 3069 vel
762 3006 976 3072 saecularibus
1010 3007 1094 3071 curis
1129 3024 1166 3070 ac
1196 3005 1332 3088 negotiis

171 3091 325 3172 implicati
359 3091 459 3156 vitam
489 3099 588 3172 agunt
621 3093 835 3158 ecclesiastico
869 3099 957 3158 statu
987 3094 1146 3173 indignam
1174 3110 1233 3156 nec
1263 3092 1331 3156 sine

172 3176 335 3327 Ecclesilae
365 3197 403 3243 ac
431 3177 514 3243 Cleri
549 3178 712 3260 dedecore,
748 3199 786 3246 ac
815 3178 953 3246 fidelium
984 3180 1272 3245 obmurmuratione
1299 3183 1333 3242 et

174 3265 292 3331 scanda
305 3285 333 3330 0.

279 3353 367 3417 Haec
390 3351 553 3418 Ecclesiae
582 3352 677 3434 plaga
700 3373 762 3417 non
790 3352 960 3438 effugiebat
983 3354 1185 3420 Tridentinos
1207 3351 1330 3431 Patres,

173 3439 227 3520 qui
250 3440 291 3504 ad
313 3457 381 3504 eam
405 3441 610 3504 avertendam
633 3440 764 3522 provide
787 3443 979 3523 sanciebant,
1003 3445 1039 3504 ut
1059 3440 1166 3506 nullus
1191 3438 1332 3506 Clericus

161 3524 215 3589 'ad
248 3526 376 3590 titulum
408 3528 457 3591 sui
485 3528 667 3607 patrimonii
698 3528 838 3593 ordInari
870 3539 977 3610 posset
1008 3530 1069 3594 nisi
1100 3529 1140 3593 ab
1172 3527 1331 3610 Episcopo

173 3612 262 3678 utilis
285 3631 361 3678 suae
383 3613 546 3680 Ecclesiae
566 3614 773 3697 judIcaretur.

279 3700 397 3764 Verum
431 3719 523 3782 quam
558 3702 657 3767 latam
689 3702 980 3784 interpretationem
1010 3702 1090 3768 haec
1119 3702 1330 3768 saluberrima

173 3787 373 3867 providentia
396 3805 491 3870 passa
513 3790 564 3868 sit,
587 3791 744 3854 neminem
767 3795 908 3857 vestrum
930 3790 1031 3855 latet:
1055 3808 1093 3854 ac
1116 3790 1189 3855 inde
1212 3789 1332 3854 lactum
1434 3786 1437 3792 ’

173 3877 222 3938 est
243 3873 403 3940 hodiernis
432 3876 625 3956 temporibus
653 3883 689 3941 ut
719 3878 824 3942 nullus
848 3876 988 3943 Clericus
1017 3880 1057 3944 ab
1089 3877 1250 3944 ordinibus
1280 3894 1331 3942 ex-

173 3960 320 4026 cludatur
342 3963 395 4043 qui
418 3963 458 4027 ad
482 3963 607 4027 titulum
631 3965 814 4046 patrimonii
835 3968 1012 4046 promoveri
1035 3965 1182 4047 postulet.

278 4047 451 4114 Occasione
480 4051 587 4131 itaque
614 4051 708 4131 hujus
731 4050 896 4117 Generalis
919 4050 1051 4117 Concilii
1079 4070 1149 4117 cum
1172 4050 1331 4116 Sanctitas

172 4132 238 4199 Sua
261 4134 392 4218 dignata
415 4138 456 4201 sit
478 4137 642 4220 indulgere
664 4140 728 4203 imo
751 4143 863 4218 optare
885 4159 922 4204 ac
944 4139 1077 4218 macari,
1112 4144 1148 4203 ut
1171 4140 1225 4220 qui
1247 4141 1331 4204 inter

173 4219 285 4288 Patres
308 4223 430 4305 aliquid
458 4225 696 4306 proponendum
725 4226 873 4290 habuerit
895 4226 979 4307 quod
1001 4227 1041 4292 ad
1065 4227 1224 4309 publicam
1247 4225 1331 4292 utili·

172 4315 272 4377 tatem
295 4310 438 4377 conferre
468 4330 561 4393 posse
592 4313 757 4395 existimet,
792 4313 827 4378 id
849 4313 945 4379 libere
968 4315 1079 4396 eccequi
1100 4315 1223 4394 coleot3
1257 4313 1331 4380 sub
