2946 4942
660 320 817 388 31111111

640 493 776 559 CAPUT
798 495 836 558 V.

264 633 456 720 Provideant
442 634 635 734 tEpisoop'u
667 634 783 733 aliique
806 633 985 715 superiores
1013 632 1054 696 ad
1077 648 1156 716 quos
1182 636 1320 717 spectat,

157 727 195 787 nt
223 722 340 788 abusus
370 721 557 802 evellantur,
592 721 620 785 si
649 721 702 803 qui
732 721 766 821 ip
795 718 1084 811 sanctimonialium
1115 719 1316 820 monasteriis

156 809 340 891 irrepserint
363 809 445 873 circa
467 825 613 874 accessus
635 808 751 872 adt
700 812 751 873 ost
750 808 781 872 ia
803 813 835 882 et
843 798 1089 885 1111111111
1111 806 1199 871 circa
1221 798 1315 871 collo-

158 898 299 961 cutiones
322 914 393 960 cum
409 897 568 960 extraneis
589 895 741 976 personis,
766 895 879 995 quibus
894 893 999 958 fervor
1021 893 1205 958 earumdem
1221 890 1314 957 Sauo

158 982 365 1049 timouialium
402 984 495 1047 remit
496 983 584 1061 titur,
623 983 789 1071 mundanis
824 982 947 1047 animus
981 980 1098 1060 cogitat
1084 980 1225 1044 tionibus
1259 979 1315 1043 im·

156 1071 273 1149 buitur,
297 1070 479 1150 disciplinae
495 1076 528 1135 et
514 1064 728 1135 tobservant'
705 1073 769 1134 bae
784 1068 939 1149 regularis
955 1066 1094 1132 studium
1109 1066 1315 1145 imminuitur,

155 1175 219 1223 non
241 1159 309 1222 sine
322 1157 471 1257 periculo,
496 1161 624 1223 sauctae
639 1157 813 1222 vocationis
828 1157 973 1256 spiritum
989 1155 1164 1227 amittendi
1198 1155 1314 1220 Verum

156 1244 259 1309 adid
287 1246 376 1326 prius
405 1232 700 1321 hortationibudtet
731 1242 1024 1325 commonitionibus
1052 1241 1244 1324 procedant;
1279 1258 1314 1304 ac

155 1330 268 1414 deinde
292 1332 320 1396 si
342 1349 421 1412 opus
444 1331 546 1411 fuerit,
576 1332 672 1397 etiam
695 1349 865 1412 poenarum
888 1329 1110 1401 coercitionem
1133 1327 1313 1409 adhibeant.

157 1418 249 1494 Circa
270 1436 346 1484 vero
377 1417 521 1484 collocut
499 1424 599 1485 tiones
622 1419 853 1500 Religiosorum
883 1435 956 1483 cum
976 1415 1164 1482 monialibus
1188 1433 1228 1480 ea
1250 1433 1313 1480 ser-

156 1510 279 1584 ventur,
315 1523 395 1586 quae
427 1524 453 1570 a
477 1506 605 1570 summis
636 1503 838 1571 Pontificibus
870 1503 1167 1586 praedecessoribus
1198 1496 1318 1575 nostris

154 1593 383 1675 praescripta
374 1594 525 1659 ιιιι1ιιίιιιι
527 1599 589 1658 1.ιιι

627 1800 764 1868 CAPUT
789 1803 841 1869 VI.

261 1940 411 2018 Quamvis
435 1959 492 2006 nec
519 1943 586 2022 ipsa
609 1941 703 2006 Instit
689 1946 768 2020 tuta,
799 1942 831 2005 iu
859 1940 972 2022 quibus
994 1939 1125 2006 Sorores
1148 1943 1226 2004 vota
1247 1942 1313 2003 tau·

156 2033 224 2093 tum
240 2028 395 2111 simplicia
410 2029 559 2101 emittunt
545 2034 631 2108 tex
642 2030 714 2110 jure
730 2028 887 2094 communi
903 2027 1083 2179 clausuraei
1100 2026 1164 2108 legi
1180 2024 1315 2091 obnoxia

155 2116 228 2196 sint,
262 2115 455 2193 inculcamus
488 2122 594 2181 tamen
628 2116 765 2187 locorum
797 2115 932 2181 Antistii
932 2116 1070 2194 ibusu
1069 2114 1155 2192 111
1189 2113 1314 2178 illorum

156 2164 302 2269 alumnae
317 2202 406 2266 nulla
421 2199 521 2266 officia
536 2203 693 2268 exteriora
708 2208 876 2268 exerceant
876 2200 1119 2283 ,Episcopalem
1134 2200 1313 2279 clausuram

153 2292 186 2354 in
214 2289 394 2355 eorumdem
423 2289 555 2355 1111111111
555 2307 646 2355 orum
676 2289 819 2355 domibus
849 2307 925 2355 suae
955 2287 1116 2365 dioecesis,
1149 2288 1314 2368 perpensis

155 2378 306 2459 cujusque
322 2376 432 2442 domus
448 2377 655 2457 peculiaribus
672 2377 838 2458 adjunctis,
850 2377 1012 2457 imponere
1029 2379 1196 2456 satagant3
1218 2381 1313 2456 atque

154 2468 190 2528 ut
213 2465 321 2530 domos
348 2464 578 2544 Institutorum,
614 2482 747 2545 quorum
777 2464 966 2544 praecipuus
997 2460 1069 2527 finis
1097 2466 1146 2526 est
1179 2461 1313 2544 alicujus

154 2551 275 2616 externi
298 2551 437 2615 muneris
460 2551 652 2630 exercitium,
683 2550 848 2623 clausurae
871 2551 992 2631 pariter
1015 2548 1207 2630 Episcopali,
1243 2567 1314 2614 con-

153 2639 300 2703 sideratis
323 2639 467 2702 omnibus
484 2639 747 2720 circumstantiis,
761 2656 825 2702 non
847 2636 951 2719 quoad
966 2636 1118 2702 Sororum
1139 2653 1312 2716 egressum,

152 2725 209 2789 sed
232 2725 398 2797 dumtaxat
421 2726 526 2806 quoad
549 2732 769 2790 extranearum
784 2742 991 2806 personarum
1013 2725 1202 2806 ingressum,
1219 2729 1313 2805 prout

151 2813 186 2889 in
208 2813 342 2879 Domino
374 2812 519 2892 expedire
549 2812 771 2895 judicaverint,
806 2812 959 2894 subjicere
983 2817 1103 2876 curent.
1162 2809 1310 2875 Ceterum

153 2899 239 2979 hisce
255 2898 421 2973 Sororibus
444 2900 491 2963 ita
515 2899 690 2979 consulant,
714 2906 751 2964 ut
774 2918 843 2963 cum
867 2899 1071 2979 egrediantur
1093 2914 1220 2978 semper
1242 2914 1310 2962 cum

151 2988 238 3060 socia
260 2986 439 3066 procedant,
464 2986 649 3068 debitasque
673 2986 813 3052 cautelas
829 2986 1011 3065 adhibeant,
1035 3002 1076 3049 ne
1097 2985 1208 3050 mundi
1231 2984 1310 3068 peri·

153 3074 231 3140 culis
254 3092 288 3138 11
313 3080 480 3155 exponant,
504 3093 541 3151 ac
563 3074 596 3137 in
619 3091 654 3139 se
677 3075 836 3140 concitent
858 3073 967 3155 populi
989 3072 1241 3140 admirationem.

258 3161 347 3226 Haec
372 3160 516 3226 volumus
547 3166 642 3242 atque
671 3161 867 3240 mandamus,
902 3159 1184 3226 consuetudinibus
1215 3161 1308 3225 etiam

151 3248 239 3331 longi
253 3249 413 3329 temporis,
428 3248 558 3330 aliisque
575 3249 740 3313 contrariis
757 3249 1005 3330 quibuscumque
1021 3265 1085 3317 non
1101 3246 1307 3313 obstantibus.
