2946 4942
561 331 600 376 nu
623 330 721 377 annus
744 330 931 380 ιοιιιιιιιιι.
1283 321 1325 381 93

274 472 302 535 7.
337 467 371 533 Si
394 470 464 550 quis
488 468 603 534 dixerit
618 486 797 549 supremam
821 487 858 533 ac
880 470 1006 551 plenam
1030 469 1149 536 Summi
1164 470 1328 537 Pontificio

164 562 356 637 potestatem
388 556 538 638 pascendi
571 574 627 621 seu
661 556 794 622 docendi
827 557 1040 622 universalem
1062 557 1239 624 Ecclesiam
1261 577 1326 624 non

166 661 235 708 esse
264 643 391 726 plenam
414 662 451 708 ac
473 661 653 725 supremam
675 645 707 707 in
730 643 915 708 definiendis
939 647 1174 726 quaestionibus
1196 644 1269 712 fidei
1292 653 1326 712 et

165 747 303 808 morum,
334 730 380 796 ita
408 735 445 795 nt
482 729 634 812 appellari
669 728 764 795 liceat
786 748 806 795 a
825 730 949 811 J'udiciis
973 731 1162 814 dogmaticis
1185 735 1328 815 supremi

164 815 327 882 Ecclesiae
364 817 477 898 capitis
510 817 551 881 ad
571 816 724 898 judicium
748 819 987 900 episcoporum,
1011 821 1077 884 sive
1101 820 1323 902 dispersorum,

164 904 230 970 siue
255 905 512 984 coadunatorum,
538 905 708 970 anathema
730 905 780 970 sit.

271 997 300 1056 8.
336 990 370 1056 Si
401 992 471 1071 quis
503 991 617 1056 dixerit
646 991 764 1093 judicia
797 1009 855 1093 pro
886 993 1054 1058 sancienda
1076 993 1186 1076 regula
1208 992 1325 1058 fideia

166 1079 302 1144 Summis
326 1077 531 1143 Pontificibus
564 1078 647 1157 lata
613 1079 742 1145 asive
776 1080 914 1161 episcopi
945 1097 1040 1161 super
1061 1080 1110 1144 his
1134 1081 1269 1146 sentent
1261 1098 1324 1169 ram

164 1183 255 1230 suam
278 1171 445 1247 exponant,
468 1166 533 1229 sive
556 1167 715 1244 omittant,
740 1165 853 1230 divim
874 1186 913 1229 oc
935 1187 1059 1232 summa
1073 1185 1129 1249 per
1144 1162 1323 1232 universam

162 1250 342 1319 Ecclesiam
364 1253 502 1318 auctorit
505 1258 557 1317 ate
579 1254 808 1332 munitioni
830 1251 946 1317 Christ
923 1254 1001 1318 ιιιιιι
1024 1273 1133 1335 omnes
1156 1274 1195 1321 ex
1210 1253 1322 1335 officio,

162 1340 270 1490 ιιιιιι
301 1359 422 1423 qaoque
452 1341 567 1404 meotis
596 1341 780 1421 obsequium
812 1346 976 1424 praestare
1014 1346 1173 1422 tenentur,
1189 1342 1213 1426 1)
1248 1359 1326 1407 ana-

161 1430 271 1492 tema
294 1427 344 1492 sit.

271 1518 300 1581 9.
335 1512 369 1578 Si
390 1513 461 1594 quis
477 1512 590 1578 dixerit
604 1512 713 1579 desum
729 1512 890 1579 Christum
905 1533 967 1579 non
982 1513 1132 1580 fundasse
1147 1513 1324 1582 Ecclesiam

161 1619 256 1668 auam
288 1618 383 1682 snper
415 1600 557 1680 Petrum,
594 1619 652 1665 nec
678 1601 752 1666 hnic
776 1601 900 1667 dedisse
923 1602 1028 1666 claves
1050 1603 1141 1685 regni
1165 1602 1324 1669 coelorum

149 1687 258 1753 aimul
282 1705 353 1754 curn
375 1686 600 1752 infallibilitate
622 1689 655 1752 in
677 1689 773 1754 rebus
796 1686 877 1768 fidei,
901 1707 995 1770 quam
1011 1687 1268 1755 infallibilitatem
1289 1692 1323 1754 iu

159 1773 399 1841 successoribus
423 1774 490 1856 eius
513 1775 675 1840 immotam
697 1775 862 1856 hucusque
884 1794 1069 1858 permanere
1092 1776 1236 1842 omnibus
1252 1796 1323 1859 per-

159 1862 308 1944 spicuum
331 1862 422 1946 estf)
447 1861 616 1927 anathema
639 1863 690 1929 ait.

273 1953 322 2014 10.
356 1948 481 2029 Siquis
505 1948 617 2013 dixerit
637 1955 763 2030 petram
787 1967 883 2032 supra
906 1968 1001 2030 quom
1025 1968 1044 2014 ι
1067 1948 1193 2015 Christo
1217 1949 1324 2016 aedifi-

159 2041 235 2102 cata
258 2042 310 2101 est
331 2035 486 2114 Ecclesia,
510 2037 542 2100 id
566 2042 617 2102 est
638 2035 726 2101 Petn'
750 2054 930 2119 supremam
952 2037 1175 2102 anctoritatem
1203 2039 1235 2102 in
1258 2040 1324 2102 suis

158 2123 397 2190 successoribus
420 2122 573 2188 Romanis
595 2122 798 2188 Pontificibus
821 2142 947 2206 semper
968 2124 1140 2206 vigentem,
1175 2142 1269 2206 posse
1291 2126 1324 2188 in

160 2210 371 2278 custodiendo
402 2209 547 2292 deposito
581 2207 653 2276 fidei
686 2209 835 2290 deficere,
859 2217 892 2276 et
915 2213 975 2277 toti
998 2211 1160 2276 Ecclesiae
1184 2230 1324 2277 errorem

157 2305 326 2379 tamquam
345 2298 478 2379 ‘dogma
510 2296 584 2362 fidei
613 2297 801 2362 credendum
838 2316 1031 2380 proponere,
1067 2298 1198 2379 perinde
1226 2317 1264 2363 ac
1297 2300 1324 2364 si

157 2385 283 2451 frustra
306 2382 452 2449 Christus
475 2383 589 2448 dixerit
617 2383 733 2463 „Pasce
757 2403 854 2464 agnos
877 2403 976 2464 meos,
1000 2402 1096 2466 pasce
1119 2402 1193 2450 oves
1216 2403 1323 2466 meas;

156 2474 230 2554 Ego
260 2472 350 2537 oravi
383 2489 440 2553 pro
470 2475 502 2535 te
531 2475 569 2535 ut
598 2488 661 2537 non
685 2469 815 2536 deficiat
835 2469 914 2536 fides
936 2477 1008 2550 tua3
1039 2475 1071 2536 et
1094 2476 1131 2534 tn
1154 2471 1324 2553 aliquando

155 2577 335 2627 conversus
357 2556 509 2625 confirma
530 2556 647 2624 fratres
668 2562 772 2639 tuos‘r,
797 2557 967 2623 anathema
989 2559 1041 2625 sit.

186 2694 192 2703 ·
268 2681 386 2746 Romae
410 2684 451 2744 25
475 2679 659 2745 Decembris
684 2684 778 2759 1869,
811 2679 848 2744 ln
871 2678 1047 2744 Natiuitate
1070 2678 1207 2748 bonni.

530 2820 551 2899 †
574 2817 685 2884 Victor
706 2818 787 2900 Aug.
810 2818 905 2885 Arch.
929 2817 1148 2885 Mechliniens.

272 3042 291 3113 ¹)
309 3043 395 3099 Juxta
421 3044 490 3098 hacc
517 3042 599 3097 verba
619 3042 692 3097 (fleri
720 3042 847 3110 gallicani
867 3041 903 3096 ad
920 3043 1110 3098 Innocentium
1128 3043 1170 3097 X.
1196 3042 1324 3111 „Jndicia

151 3129 210 3185 pro
229 3114 381 3170 sancienda
398 3113 496 3182 regula
513 3112 578 3166 fidei
595 3127 613 3166 a
631 3111 934 3166 SummisPontificibus
952 3111 1012 3167 lata
1029 3127 1115 3181 super
1133 3113 1324 3196 episcoporum

152 3184 366 3243 consultatione
384 3183 454 3252 (sire
472 3198 551 3237 suam
568 3183 597 3236 in
615 3182 686 3238 actis
704 3181 846 3237 relationis
865 3181 1026 3238 ιιιιιιιιιιιιιι
1045 3189 1158 3264 ponant,
1173 3182 1231 3238 sive
1245 3183 1323 3237 omit-

150 3260 227 3323 tant,
245 3260 331 3322 prout
350 3252 404 3307 illis
423 3252 588 3335 collibuerit)
608 3251 700 3306 divina
718 3266 805 3319 aeque
823 3267 856 3306 ac
874 3266 980 3305 summa
997 3252 1215 3335 pernuniversam
1227 3252 1323 3306 Eccle-

152 3324 230 3380 siam
249 3323 414 3378 anctoritate
432 3322 490 3391 niti,
510 3322 553 3376 cui
572 3320 721 3375 Christiani
739 3336 832 3376 omnes
852 3337 886 3375 ex
899 3320 1011 3375 officio
1003 3323 1091 3389 ipsius
1104 3336 1213 3406 quoque
1225 3323 1324 3376 mentis

152 3393 321 3461 obsequium
341 3399 486 3460 praestare
504 3391 662 3446 tenentur.“

269 3462 291 3532 ι)
309 3463 396 3518 Juxta
413 3463 483 3517 hacc
501 3461 624 3542 ejusdem
642 3460 716 3515 (fleri
734 3461 864 3529 gallicani
881 3461 992 3515 verba
984 3477 1012 3515 m
1024 3460 1146 3516 Comitiis
1163 3462 1226 3515 anni
1240 3462 1322 3515 1626:

171 3534 215 3589 ns
234 3539 425 3603 respecteront
442 3532 519 3586 aussi
537 3531 572 3588 N.
585 3531 611 3585 S.
631 3531 656 3585 le
674 3531 759 3598 Papa,
775 3529 841 3586 chef
854 3531 950 3585 visiblc
969 3530 1003 3586 de
1015 3529 1131 3599 l’Eglise
1148 3531 1324 3598 universelle,

151 3535 270 3658 Silicairc
298 3603 331 3658 de
349 3604 421 3657 Dieu
446 3617 480 3656 en
498 3608 592 3666 terre,
619 3599 730 3668 Estque
748 3599 796 3655 des
815 3600 942 3669 Evdques
961 3606 992 3655 et
1009 3599 1197 3669 Patriarches,
1221 3572 1324 3668 auquel

150 3671 232 3742 l’apo
234 3673 320 3728 atolat
347 3679 374 3727 et
398 3672 562 3740 l’episcopat
590 3676 639 3724 ont
667 3685 701 3724 eu
721 3677 968 3737 commencement,
997 3676 1024 3724 et
1043 3685 1090 3724 sur
1107 3670 1237 3736 lequell
1258 3669 1287 3728 0.
1306 3685 1323 3724 a

149 3743 243 3798 fonde
266 3758 316 3798 son
334 3741 443 3810 Eglise,
471 3756 506 3795 en
529 3740 569 3793 ιιι
587 3740 705 3794 baillant
722 3740 764 3794 les
783 3740 852 3795 clefs
872 3739 908 3794 du
926 3740 977 3795 ciel
995 3755 1063 3794 auec
1080 3738 1270 3794 l’infallibilite
1288 3739 1322 3793 de

150 3811 186 3869 la
213 3812 272 3876 foi,
300 3827 354 3881 que
373 3812 428 3866 lon
446 3826 464 3864 ι
481 3827 517 3864 ιιι
536 3809 676 3864 dementer
694 3809 840 3864 immuable
863 3826 897 3865 en
923 3825 968 3865 ses
988 3824 1162 3864 successeurs
1177 3811 1332 3878 jusqu-au

148 3881 250 3949 jourd’
251 3853 326 3940 liui‘t
