2946 4942
551 123 590 168 nn
614 88 755 171 nocuasnr
778 121 907 172 caarsm.
1268 112 1316 174 lo

152 260 256 327 altera
278 264 440 345 speciatim
464 264 628 342 dommus,
658 280 727 327 earn
750 280 814 327 non
837 261 940 327 solum
963 279 1033 328 esse
1055 260 1116 328 lori
1138 263 1255 343 interni
1278 271 1311 330 et

151 350 408 427 sacramentalis;
442 350 624 416 sedetiam
653 349 712 415 fori
740 351 863 415 externi
896 368 934 415 ac
963 350 1096 431 publici,
1132 351 1315 417 absolutam

151 441 248 518 atque
272 439 397 503 omnino
412 438 548 518 plenam,
571 438 719 502 nimirum
743 436 915 519 legiferam,
936 436 1147 518 judiciariam,
1171 446 1204 502 et
1227 457 1311 505 coer·

151 524 288 589 citiram.
335 525 510 590 Potestatis
533 529 638 589 autem
666 524 848 607 hujusmodi
870 523 1044 605 subjectum
1067 525 1311 592 sunt-Pastores

150 617 184 677 ct
199 613 355 678 Doctores
379 632 398 677 a
414 610 537 677 Christo
562 613 637 692 dati,
661 614 715 693 qui
731 631 799 677 eam
823 612 919 676 libere
935 618 969 676 et
992 614 1137 693 aquaria
1154 613 1312 680 saeculari

150 698 367 766 dominatione
380 700 628 781 independenter
641 703 804 780 exerceut3
820 701 960 780 adeoque
971 718 1041 764 cum
1054 701 1138 765 omni
1150 702 1317 784 imperioq

148 793 267 868 regunt
289 787 464 853 Ecclesiam
487 787 547 852 Dei
578 795 646 852 tum
676 789 861 852 necessariis
885 792 919 852 et
941 789 1162 853 conscientiam
1185 806 1309 871 quoque

150 873 368 956 obligantibus
402 874 543 957 legibus,
579 879 647 939 tum
682 875 863 939 decretoriis
895 874 1040 955 judiciis,
1075 881 1143 939 tum
1177 876 1314 958 denique

149 959 344 1027 salutaribus
366 964 475 1044 poenis
498 963 530 1026 in
554 967 661 1026 sontes
693 963 785 1026 etiam
816 962 945 1041 invitos,
981 981 1039 1026 nec
1073 963 1172 1027 solum
1205 963 1237 1027 in
1260 964 1315 1042 iia,

150 1068 233 1131 quae
256 1048 350 1114 fidem
375 1056 406 1114 et
435 1069 552 1127 mores,
589 1049 706 1113 cultum
729 1056 762 1113 et
785 1049 1078 1128 sanctificationem,
1114 1051 1171 1115 sed
1205 1050 1237 1115 in
1270 1051 1308 1115 iis

150 1138 256 1218 etlam,
280 1156 360 1219 quae
378 1142 539 1202 externam
554 1137 716 1201 Ecclesiae
740 1136 935 1218 disciplinam
959 1142 991 1202 et
1006 1138 1310 1203 administrationem

150 1227 332 1307 respiciunt.
389 1224 481 1290 Unde
502 1225 643 1290 Ecclesia
666 1223 782 1290 Christi
816 1221 955 1305 perfecta
988 1227 1122 1291 societas
1157 1227 1311 1291 credenda

151 1320 208 1379 est
255 1312 344 1378 Haec
377 1318 482 1377 autem
509 1331 584 1377 vera
609 1317 641 1377 et
672 1318 738 1377 tam
761 1309 834 1375 felix
857 1309 974 1376 Christi
998 1311 1141 1378 Ecclesia
1164 1314 1226 1379 alia
1249 1333 1312 1380 non

151 1404 216 1479 cst,
250 1407 379 1483 praeter
402 1418 513 1480 unam,
548 1406 702 1481 sanctam,
739 1397 936 1479 catholicam,
971 1406 1002 1464 et
1023 1399 1228 1482 apostolicam
1251 1402 1318 1466 Ro·-

151 1505 288 1552 monam.

600 1600 757 1726 ‘CAPUT
781 1659 835 1723 XI.

422 1802 473 1867 De
496 1801 638 1866 Romani
659 1800 830 1881 Pontificio
847 1799 1041 1886 primoirc.²)

255 1941 370 2008 Pastor
397 1950 546 2006 aeternus
574 1947 606 2006 et
633 1941 797 2022 episcopus
826 1941 1001 2005 animarum
1028 1948 1222 2021 nostrarum,
1257 1943 1312 2025 qui

150 2029 333 2111 priusquam
358 2027 584 2095 clarificaretur
606 2029 732 2110 rogavit
747 2027 885 2106 Patrem,
909 2034 944 2092 ut
967 2029 1131 2094 credentes
1152 2031 1186 2093 in
1208 2031 1310 2111 ipsum

149 2135 259 2181 omnes
282 2136 377 2183 ununi
404 2126 524 2195 essent,
560 2117 642 2181 sicut
663 2115 761 2181 Pater
796 2123 828 2180 et
849 2114 949 2179 Filius
987 2135 1083 2180 unum
1112 2121 1234 2199 sunt,³)
1268 2117 1310 2181 ad

151 2203 324 2270 catholicae
340 2203 413 2270 fidei
437 2211 470 2270 et
485 2204 709 2269 communionis
730 2203 885 2268 unitatem
900 2203 933 2267 in
955 2221 1013 2268 sua
1029 2202 1172 2269 Ecclesia
1191 2204 1309 2285 jngiter

150 2293 417 2371 conservandam,
452 2293 485 2356 in
518 2291 611 2358 beato
642 2289 737 2356 Petro
767 2290 918 2372 Apostolo
952 2291 1089 2356 instituit
1120 2296 1308 2372 perpetuum

149 2380 317 2461 utriusque
340 2380 471 2445 unitatis
500 2380 689 2461 principium
719 2397 756 2444 ac
789 2377 913 2443 visibile
946 2377 1199 2458 fundamentum,
1234 2380 1308 2444 dum

146 2467 240 2550 juxta
253 2469 409 2550 evangelii
423 2468 605 2532 testimonia
620 2466 713 2531 Petro
730 2464 881 2546 Apostolo
897 2465 1069 2546 primatum
1081 2466 1313 2548 jurisdictionis

149 2555 181 2619 in
216 2557 397 2620 uniuersam
431 2555 491 2619 Dei
523 2554 698 2621 Ecclesiam
732 2553 910 2618 immediate
945 2558 977 2617 et
1012 2554 1132 2619 directe
1165 2555 1308 2636 promisit

150 2645 244 2724 atque
267 2643 409 2710 contulit.
456 2643 505 2707 Ad
526 2661 624 2707 unum
647 2659 782 2722 namque
805 2640 936 2709 Petrum
960 2639 1105 2706 Christus
1127 2642 1226 2707 Filius
1249 2641 1315 2707 Dei.

149 2729 212 2795 vivi
235 2730 330 2794 dixit:
365 2731 413 2794 Tu
436 2749 469 2794 es
492 2730 607 2795 Petrus
630 2734 663 2794 et
686 2747 781 2810 super
804 2727 885 2792 hanc
908 2735 1033 2810 petram
1056 2729 1225 2794 aedificabo
1248 2728 1309 2792 Ec·

150 2817 274 2883 clesiam
297 2837 408 2898 meam,
432 2822 465 2883 et
480 2823 593 2899 portae
615 2815 707 2882 inferi
721 2834 785 2881 non
800 2816 1028 2898 praevalebunt
1043 2817 1195 2882 adversus
1218 2835 1307 2881 eam:

151 2908 182 2969 et
202 2904 261 2971 tibi
284 2905 366 2970 daho
401 2906 505 2971 claves
536 2906 626 2988 regni
649 2903 825 2969 coelorum:
861 2910 894 2968 et
916 2904 1136 2986 quodcumque
1159 2902 1308 2985 ligaveris

150 2998 393 3074 superterram,
417 2994 478 3058 erit
492 2992 626 3074 ligatum
649 2998 681 3056 et
704 2993 736 3056 in
759 2990 867 3055 coelis:
892 2996 923 3057 et
944 2992 1159 3072 quodcumque
1176 2989 1308 3056 solveris

150 3097 243 3163 super
265 3086 400 3160 terram,
437 3083 498 3145 erit
520 3081 659 3146 solutum
687 3087 719 3143 et
747 3079 780 3143 in
804 3078 939 3161 coelice)
985 3079 1090 3160 Atque
1111 3079 1167 3142 uni
1190 3079 1308 3144 Simoni

150 3166 242 3234 Petro
265 3170 400 3232 contulit
422 3168 515 3233 Jesus
538 3173 611 3249 post
633 3184 722 3232 suam
744 3167 1006 3233 resurrectionem
1034 3166 1148 3231 summi
1170 3167 1308 3247 pastoris

258 3358 280 3427 ¹)
301 3359 341 3414 cf.
360 3376 403 3427 ep.
422 3360 456 3414 ad
475 3360 529 3414 Tit.
546 3360 581 3412 ll.
602 3362 642 3413 15.
663 3358 712 3414 col.
732 3374 775 3426 ep.
794 3359 816 3415 l.
835 3357 869 3411 ad
889 3357 949 3411 Cor.
970 3357 1031 3410 Vll.
1049 3359 1074 3410 6.

256 3432 279 3498 2)
298 3430 358 3485 Hoc
378 3438 461 3497 caput
481 3429 650 3483 substratum
676 3437 735 3484 erat
754 3428 891 3483 Schemati
910 3427 1117 3481 constitutionis
1137 3427 1310 3495 dogmaticae

149 3498 253 3565 primae
272 3499 305 3554 de
323 3499 451 3554 Ecclesia
471 3500 583 3568 Christi,
603 3515 673 3567 quae
692 3499 722 3554 in
739 3499 786 3556 IV.
800 3498 926 3553 Sessione
944 3497 1018 3551 edita
1036 3503 1086 3551 est.
1121 3496 1305 3552 Infallibilitas

148 3570 300 3636 magisterii
318 3570 435 3624 Romani
448 3569 600 3637 Pontificis,
618 3578 650 3624 ut
669 3569 784 3637 quisque
803 3569 887 3635 videt,
905 3567 933 3620 in
951 3567 1004 3620 hoo
1017 3567 1108 3634 capite
1126 3583 1179 3620 nou
1198 3574 1240 3622 est
1260 3584 1307 3622 ex·

147 3652 256 3706 pressa;
283 3640 331 3694 sed
350 3641 475 3708 plurimis
495 3641 611 3694 Concilii
629 3640 758 3694 Patribus
777 3638 992 3707 postulantibus,
1011 3643 1042 3691 ut
1060 3637 1128 3692 haec
1147 3637 1270 3691 doctrina
1289 3653 1306 3692 a

150 3706 269 3764 Concilio
294 3710 428 3765 Vaticano
453 3709 626 3778 definiretur,
655 3710 761 3765 demum
784 3717 848 3777 post
870 3709 941 3762 hanc
959 3707 1172 3775 postulationem
1191 3706 1306 3761 Schema

151 3780 330 3847 expositionis
349 3781 432 3848 hujus
451 3780 591 3835 doctrinae
615 3787 756 3835 exaratum
776 3786 824 3834 est.
861 3779 997 3832 Primaria
1015 3777 1103 3831 forma
1121 3776 1204 3843 hujus
1223 3776 1305 3832 Sche-

146 3850 239 3919 matis,
268 3851 343 3918 quod
369 3852 486 3918 primum
514 3849 696 3919 deputationis
721 3866 772 3917 pro
796 3849 880 3904 rebus
904 3846 969 3902 fidei
993 3846 1112 3902 examini
1134 3848 1305 3915 propositum

149 3917 253 3990 fuerat,
281 3921 435 3974 continetur
462 3922 613 3989 incapite,
641 3921 714 3988 quod
732 3920 794 3973 huic
813 3919 896 3986 capiti
922 3919 1107 3985 subjunctum,
1135 3917 1290 3972 inscribitur
1298 3937 1309 3971 :-

151 3996 248 4110 ²,gaput
262 3991 428 4127 addendum
455 3991 565 4047 decreto
592 3991 626 4045 de
653 3991 769 4046 Romani
796 3987 939 4044 Pontificio
957 3987 1108 4042 Primatu‘⁴.
1145 3987 1312 4057 (adnotatio

152 4059 279 4113 eiioria.

254 4132 276 4199 ³)
297 4133 336 4189 Cf.
357 4135 455 4190 Joann.
475 4134 561 4187 Xl'll.
582 4139 604 4186 l.
623 4135 667 4189 21.
686 4149 727 4198 sq.
802 4130 823 4200 ⁴]
844 4129 941 4183 blattlr.
962 4126 1035 4184 xvi.
1056 4129 1089 4182 iS
1119 4129 1159 4181 la.
