2946 4942
157 321 220 381 242
665 336 820 386 sesanam

155 474 240 539 modi
263 475 405 555 personis
435 475 695 541 collocutionibus
725 477 888 541 mundano
912 478 998 558 ipsae
1028 477 1157 559 pulvere
1181 495 1330 559 consper-

155 568 281 643 gantur.
317 561 531 639 Quamobrem
554 582 624 627 eum
647 582 694 642 ea,
719 581 801 643 quae
824 564 866 627 ad
889 565 1021 628 electam
1045 564 1197 630 dominici
1221 566 1328 646 gregis

155 659 278 729 partem
310 649 548 714 custodiendam
582 650 754 715 salubriter
788 652 960 716 constituta
983 657 1072 729 sunt,
1105 651 1146 716 ab
1168 651 1326 731 omnibus,

154 741 190 799 ut
213 755 272 816 par
296 742 352 814 est,
378 736 494 816 ubique
519 738 648 817 servari,
673 745 706 802 et
728 756 836 803 omnes
852 739 1021 803 abusiones
1046 757 1063 803 e
1087 738 1192 803 medio
1209 736 1326 803 auierri

154 829 309 904 oporteat,
323 841 414 888 sacro
428 826 623 904 approbante
635 823 784 903 Concilio,
799 826 997 890 decernimus
1010 830 1108 906 atque
1121 825 1324 890 mandamus:

646 1049 781 1116 CAPUT
804 1051 827 1114 1.

260 1188 296 1252 In
324 1191 571 1270 quibuscumque
598 1190 792 1269 regularium
824 1191 963 1255 virorum
998 1190 1156 1270 domibus,
1191 1208 1322 1255 conven-

153 1275 238 1340 tibus
262 1284 294 1341 et
317 1273 687 1341 monasteriis‘clausura
710 1283 862 1355 servatur,
884 1277 976 1358 juxta
999 1295 1106 1341 saeros
1129 1294 1270 1342 canones
1293 1282 1322 1341 et

153 1362 349 1442 apostolicas
374 1363 615 1429 constitutiones
640 1370 735 1444 atque
752 1365 986 1446 sanctiones31)
1010 1366 1056 1428 ita
1079 1368 1115 1427 ut
1138 1365 1321 1429 earumdem

154 1449 328 1528 domorum,
352 1456 562 1516 conventuum
579 1457 610 1515 et
627 1455 890 1516 monasteriorum
914 1458 1004 1532 septa
1028 1456 1060 1514 et
1076 1467 1168 1515 sacra
1184 1449 1321 1514 claustra

153 1535 307 1602 foeminae
339 1537 501 1618 quaelibet
539 1539 763 1620 cujuscumque
796 1538 922 1620 generis
946 1545 1016 1601 ⁴aut
1051 1537 1243 1602 conditionis
1278 1539 1320 1601 in·

153 1624 256 1704 gredi,
288 1629 342 1688 aut
370 1625 402 1688 in
431 1643 481 1703 ea,
517 1625 642 1690 etiamsi
665 1624 819 1690 infantilis
851 1626 966 1690 aetatis
990 1625 1071 1701 sint,
1107 1624 1209 1704 recipi
1237 1624 1321 1690 nullo

153 1711 245 1775 modo
269 1712 390 1792 possint
412 1712 472 1776 sub
488 1713 627 1776 censuris
651 1718 682 1776 et
704 1715 815 1793 poenis
837 1718 946 1777 contra
968 1712 1125 1777 violantes
1141 1711 1319 1775 clausuram

153 1795 292 1879 inflictis,
323 1800 432 1880 quovis
464 1798 523 1862 hac
545 1800 584 1863 de
612 1818 647 1863 re
672 1799 777 1864 ablato
809 1800 1003 1879 discrimine,
1040 1817 1081 1863 an
1113 1798 1239 1879 aliquo,
1272 1798 1319 1862 vel

153 1886 250 1948 etiam
274 1885 360 1950 nullo
384 1886 616 1966 privilegiorum
640 1892 808 1968 praetextu
830 1889 991 1967 ingressus
1008 1887 1168 1966 obtingat3
1195 1904 1234 1950 ac
1259 1904 1320 1950 non

153 1973 299 2036 obstante
322 1969 438 2053 'quovis
461 1973 634 2056 privilegio,
665 1981 698 2038 et
721 1992 915 2056 quacumque
939 1975 1034 2037 etiam
1056 1972 1143 2053 longi
1167 1973 1318 2054 temporis

153 2060 313 2124 contraria
337 2060 572 2125 consuetudine.
618 2060 818 2142 Quapropter
841 2061 982 2125 districte
1005 2059 1193 2123 mandamus
1216 2060 1318 2125 Gene-

152 2146 281 2224 ralibus,
306 2146 564 2226 Prouincialibus,
582 2148 767 2226 abbatibus,
785 2147 1020 2226 Visitatoribus,
1038 2147 1172 2228 aliisque
1188 2147 1229 2210 ad
1245 2163 1335 2229 quos⁸

110 2304 113 2308 ,
153 2240 291 2314 spectat,
323 2239 358 2297 ut
382 2234 526 2298 clausura
551 2235 603 2298 nbi
635 2241 722 2299 extat
746 2235 914 2317 diligenter
937 2239 1090 2311 servetur,
1125 2239 1158 2298 et
1188 2233 1246 2298 ubi
1269 2235 1320 2298 ob-

152 2321 280 2384 literata
302 2328 357 2384 aut
380 2321 521 2401 neglecta
544 2323 734 2401 inveniatur,
759 2323 884 2387 omnino
907 2323 1114 2386 instauretur.

637 2546 772 2613 CAPUT
797 2548 835 2611 11.

260 2684 371 2749 Nullus
404 2703 420 2748 e
450 2692 606 2750 conventu
641 2687 752 2769 egredi
785 2687 902 2750 audeat
933 2685 992 2748 nisi
1022 2685 1111 2766 justa
1145 2703 1185 2748 ex
1215 2704 1318 2764 causa,

150 2773 339 2853 licentiaque
356 2771 488 2854 singulis
504 2773 624 2837 vicibus
640 2776 817 2856 impetrata,
835 2792 872 2837 ac
887 2772 1107 2837 benedictione
1123 2790 1142 2835 a
1158 2773 1319 2853 superiore

152 2864 300 2940 accepta3
324 2878 382 2923 nec
405 2877 468 2922 non
484 2878 555 2924 cum
570 2861 666 2943 socio,
689 2867 820 2943 excepto
843 2851 950 2923 tamen
973 2859 1081 2940 quoad
1096 2858 1319 2940 obligationem

153 2964 224 3010 cum
247 2947 332 3010 socio
357 2946 538 3026 egrediendi
561 2964 635 3012 casu
659 2948 854 3012 necessitatis
870 2945 1049 3027 Superioris
1071 2945 1185 3011 localis
1205 2947 1318 3031 judicio

152 3033 414 3113 comprobandae.
450 3033 600 3116 Superior
623 3053 696 3100 vero
721 3033 904 3116 egrediendi
925 3033 1059 3113 veniam,
1084 3032 1145 3096 nisi
1169 3034 1258 3115 prius
1283 3034 1319 3098 de

148 3120 239 3201 justa
263 3138 359 3185 eausa
382 3121 443 3184 sibi
466 3122 652 3201 constiterit,
676 3141 738 3186 non
754 3121 915 3199 concedat,
939 3120 1121 3200 sociumque
1144 3139 1161 3184 e
1186 3120 1319 3185 claustro

152 3207 275 3271 exituro
307 3209 480 3289 adjungere
511 3227 574 3272 non
603 3210 741 3274 omittat.
793 3208 953 3273 Licentiae
986 3206 1152 3287 generales
1189 3205 1320 3272 exeundi

151 3293 232 3358 nulli
247 3294 381 3376 amplius
398 3296 621 3376 concedantur,
640 3302 672 3360 et
687 3296 868 3377 praemissis
885 3293 1028 3359 omnibus
1046 3296 1319 3360 contravenientes

152 3399 293 3463 congrua
308 3399 414 3464 poena
430 3383 618 3465 plectantur.
655 3383 797 3463 Quisque
814 3383 854 3446 ad
871 3385 1063 3446 conventum
1080 3381 1139 3446 sub
1155 3399 1319 3463 vesperam

152 3468 345 3547 revertatur,
364 3487 400 3532 ac
418 3468 521 3534 denuo
537 3469 738 3552 Superiorem
755 3471 848 3535 adeat
861 3468 1113 3532 benedictionem
1127 3473 1319 3551 recepturus.

152 3555 346 3621 Provideant
370 3556 466 3620 etiam
490 3557 685 3640 Superiores
719 3576 760 3622 ne
782 3555 936 3638 Religiosi
959 3555 993 3618 in
1016 3555 1229 3620 saecularium
1252 3574 1319 3621 con·

79 3690 82 3696 -
152 3643 353 3708 suetudinem
384 3661 418 3708 se
440 3644 614 3728 insinuent3
649 3650 771 3709 ettam
801 3645 834 3709 in
858 3641 1009 3706 claustris
1039 3660 1134 3722 quam
1165 3648 1258 3709 extra
1279 3645 1322 3706 ita

152 3731 408 3809 conversatione,
439 3736 548 3813 gestu,
580 3731 693 3796 habitu
722 3737 753 3795 et
775 3731 902 3796 incessu
931 3747 965 3793 se
988 3733 1117 3811 gerant,
1150 3735 1187 3795 ut
1210 3731 1321 3812 quiex

83 3809 88 3824 '
151 3818 288 3882 adverso
311 3824 386 3881 sunt
408 3825 579 3883 vereantur
602 3817 680 3882 nihil
702 3818 855 3883 babentes
878 3815 997 3880 malum
1020 3817 1124 3882 dicere
1148 3818 1189 3883 de
1212 3819 1269 3898 eis,
1293 3820 1346 3882 etr

151 3901 375 3968 christifideles
407 3907 446 3968 ab
478 3906 554 3986 ipsis
590 3905 705 3987 ubique
734 3905 986 3970 aedificationem
1017 3904 1184 3986 accipiant.
1240 3904 1322 3983 Qua·

151 3997 283 4073 propter
316 3993 483 4070 quominus
521 3992 701 4058 saeculares
739 3993 861 4074 absque
896 3992 984 4073 Justa
1022 4009 1118 4056 causa
1155 3991 1323 4074 religiosas

262 4180 281 4248 ¹)
305 4179 371 4248 Gap.
393 4181 528 4235 Pervenit.
547 4186 588 4236 20.
610 4199 684 4240 cans.
708 4187 746 4236 lb.
766 4190 870 4250 quaest.
894 4188 926 4248 1.‚
945 4183 973 4239 S:
991 4183 1057 4236 Pius
1078 4183 1108 4235 V.
1129 4181 1223 4240 const.
1243 4183 1324 4236 Dacat

152 4249 308 4302 Romanum
335 4250 509 4316 Pontificem,
536 4253 650 4319 Gregor.
676 4253 750 4309 lllll.
775 4251 869 4306 const.
902 4252 1036 4318 incipiens
1069 4251 1122 4305 Ubi
1146 4252 1273 4320 gratiae,
1299 4257 1326 4306 et

152 4319 255 4375 Bened.
276 4319 352 4371 xlv.
372 4320 467 4379 Cenat.
486 4322 637 4390 Regulam
657 4322 830 4389 disciplinae.
