2946 4942
191 291 211 354 6
318 294 321 301 “
677 303 850 352 summme.

294 445 332 510 In
360 442 488 509 tertiam
516 447 641 525 partem
670 442 886 508 distribuimus
918 448 985 508 tum
1009 441 1276 509 constitutionum
1310 441 1349 506 de

189 549 408 634 Repulmibms
430 547 610 629 Schemate,
645 566 726 628 quae
750 546 883 613 Consilii
904 547 1053 614 Patribus
1081 548 1223 614 exhibita
1245 552 1346 626 erant,

188 661 257 720 tum
279 654 421 738 Petrum,
445 671 526 735 quse
548 653 589 718 ad
612 654 745 720 eandem
767 672 836 720 rem
858 655 1030 737 pertinent,
1054 653 1234 720 Pactolum.

295 759 436 837 Quartae
458 759 591 840 denique
613 760 698 841 parti
719 758 776 822 illa
798 777 901 841 pauca
925 759 1113 824 documenta
1135 758 1347 837 attribuimus

191 882 272 946 quae
296 863 337 928 ad
359 882 412 929 res
434 864 527 946 ritus
544 863 721 928 Orimtclis
743 869 773 928 et
794 863 981 930 missionum
1003 865 1170 946 pertinent.

293 969 436 1034 Nomina
450 969 676 1052 postulantium
692 968 776 1049 quod
790 969 915 1049 attinet,
940 988 986 1050 ea,
1010 970 1071 1034 nisi
1090 987 1141 1035 res
1156 968 1227 1052 ipsc
1241 974 1348 1050 postu-

189 1073 258 1141 lare
279 1074 450 1152 rideretur,
473 1078 510 1138 ut
531 1074 788 1157 adJungerentun
811 1074 985 1140 omittenda
1007 1074 1194 1140 censuimus

294 1178 383 1245 Haec
410 1185 497 1260 sunt,
531 1196 612 1259 quae
642 1176 816 1261 praefanda
849 1178 1016 1245 babuimis.
1073 1178 1163 1258 Quod
1193 1182 1348 1259 superest,

190 1283 268 1351 nihil
296 1284 458 1349 ardentius
486 1284 627 1366 cupimus
659 1287 691 1348 et
712 1301 892 1366 precamur,
922 1302 1016 1365 quam
1042 1288 1079 1348 ut
1100 1278 1349 1365 Benignissimus

189 1388 276 1455 Deus
305 1390 411 1471 magni
434 1387 566 1454 Consilii
588 1388 734 1454 Vaticani
756 1407 905 1471 magnum
928 1393 1089 1455 auctorem
1112 1394 1144 1454 et
1166 1385 1349 1452 Praesidem

172 1492 175 1499 '
190 1495 422 1560 sanctissimum
436 1493 565 1559 Patrem
581 1492 733 1560 Nostrum
761 1493 854 1560 Pium
870 1494 925 1562 IX.
949 1495 1126 1576 captivitati
1150 1498 1183 1558 et
1205 1491 1349 1558 omuibus

189 1599 447 1665 tribulationibus
481 1600 546 1664 suis
578 1618 653 1664 mox
686 1599 812 1682 eripiat,
847 1605 885 1664 ut
915 1598 955 1665 de
984 1600 1048 1664 suis
1079 1603 1112 1664 et
1138 1617 1164 1663 s.
1187 1596 1349 1662 Ecclesiae

189 1704 322 1770 immicis
353 1705 488 1788 gloriose
517 1704 715 1786 triumphans
744 1705 956 1785 interruptum
980 1702 1147 1769 concilium
1169 1706 1348 1766 restaurare

192 1814 224 1874 et
250 1814 317 1875 tam
343 1811 402 1876 hoc
427 1810 547 1893 ipsum,
576 1826 672 1891 quam
700 1808 829 1892 longum
860 1816 894 1875 et
924 1809 1095 1892 gloriosum
1126 1804 1349 1873 Pontificatum

191 1914 289 1982 Suum
311 1914 490 1982 felicissimo
515 1915 600 1980 exitu
623 1931 773 1980 coronare
795 1914 912 1998 possiti

297 2038 529 2118 Puderbomae‚
553 2036 582 2101 d.
607 2040 659 2104 22.
681 2056 723 2104 m.
746 2035 914 2102 Februarii
938 2041 1033 2103 1873.
