2946 4942
619 340 658 384 nn
681 339 864 387 mscmnma.
1059 324 1067 383 J
1261 328 1320 388 197

157 479 278 544 debent
292 497 363 544 esse
378 480 534 543 cautiores
551 482 583 541 et
598 478 782 555 sanctiores,
806 478 920 559 quippe
948 479 1000 559 qui
1032 479 1073 542 ad
1089 484 1198 544 sancta
1213 486 1322 545 sancte

160 566 343 647 peragenda
365 566 450 637 omni
473 565 551 630 bora
574 566 679 644 parati
702 565 766 628 sint
782 570 906 645 oportet
926 565 1132 648 omnibusque
1147 567 1323 648 exemplum

157 655 337 735 praebeant
358 653 512 717 bonorum
536 670 676 733 operum.
724 655 827 733 Atque
850 652 923 717 hinc
955 653 1025 733 ipsa
1055 659 1157 716 mater
1187 653 1323 719 ecclesia

157 740 343 805 sacerdotes
366 741 405 803 ad
429 739 627 820 frequentem
649 741 863 820 poenitentiae
879 741 1069 804 sacramenti
1085 758 1178 804 usum
1196 742 1320 817 invitat,

159 845 232 891 cum
256 828 287 892 in
311 828 379 908 ipso
402 825 547 891 sacrificii
570 827 669 901 initio,
694 831 865 905 antequam
887 825 929 890 ad
952 826 1052 891 altare
1071 827 1131 891 Dei
1153 829 1321 906 introeant,

160 931 215 979 eos
239 914 349 978 humili
372 914 565 979 confessione
590 914 697 995 culpas
721 931 797 977 suas
829 912 979 994 plangere
999 913 1120 995 jubeat.
1167 914 1230 979 Sed
1253 917 1323 997 ipsa

159 1001 298 1082 benigna
320 1007 422 1066 mater
446 1000 565 1066 confisa
588 1000 797 1065 conscientiae
821 999 956 1064 filiorum
979 1018 1114 1079 suorum,
1138 1021 1233 1083 quarn
1254 1021 1322 1083 spe-

160 1089 246 1152 ravit
268 1089 447 1168 religiosam
471 1093 503 1151 et
524 1089 706 1152 timoratam
729 1086 805 1164 fore,
830 1105 925 1168 quum
948 1105 1005 1152 suo
1028 1089 1167 1168 periculo
1191 1095 1321 1154 tenean-

159 1181 224 1254 tur,
249 1194 328 1257 opus
351 1175 409 1239 Dei
433 1194 496 1239 non
518 1174 717 1256 negligenter
747 1173 868 1252 facere,
905 1192 942 1237 eo
977 1182 1126 1238 contenta
1158 1175 1320 1258 hucusque

160 1262 231 1341 fuit,
256 1267 291 1326 ut
313 1263 496 1327 hortaretur
518 1280 571 1326 eos
594 1263 690 1326 verino
714 1270 747 1325 et
770 1261 934 1342 exemptio,
970 1260 1056 1324 nulla
1079 1281 1152 1326 vero
1175 1262 1245 1344 lege
1269 1284 1320 1346 ge-

160 1350 264 1414 nerali
298 1347 542 1430 frequentiorem
578 1367 669 1412 usum
707 1350 894 1412 sacramenti
927 1349 1140 1428 poenitentiae
1174 1353 1320 1416 sanciret.

161 1435 245 1500 Nam
268 1454 347 1517 quae
371 1435 543 1502 Concilium
566 1436 780 1500 Lateranense
804 1437 857 1501 IV.
883 1435 922 1500 de
944 1454 1048 1499 annua
1072 1437 1267 1502 confessione
1291 1440 1322 1501 in
1348 1434 1350 1438 '

158 1540 282 1588 canone
316 1525 443 1600 ,Omnis
474 1526 639 1604 utriusque
671 1527 781 1588 sexus“
818 1524 943 1599 statuit,
979 1528 1012 1586 et
1039 1541 1118 1603 quae
1149 1522 1321 1590 Concilium

159 1610 378 1674 Tridentinum
403 1612 550 1688 decrevit,
575 1611 706 1691 nequis
736 1610 841 1692 gravis
871 1611 992 1691 peccati
1021 1611 1080 1673 sibi
1111 1613 1253 1676 conscius
1282 1614 1323 1677 ad

161 1715 287 1762 sacram
310 1715 451 1762 mensam
474 1698 614 1776 accedat,
643 1717 706 1762 non
728 1697 829 1778 magis
860 1696 988 1761 clericos
1018 1703 1134 1779 urgent
1157 1716 1249 1778 quam
1273 1718 1322 1764 re-

160 1785 265 1865 liquos
288 1783 406 1850 fideles.
440 1784 502 1849 Sed
517 1786 544 1848 si
558 1785 647 1849 laicis
662 1785 841 1848 hominibus
865 1785 923 1847 sub
948 1785 1158 1849 anathematis
1181 1787 1321 1866 periculo

160 1872 364 1953 praecipitur,
389 1877 425 1936 ut
449 1873 545 1936 semel
568 1871 680 1936 saltem
705 1874 735 1935 in
760 1890 840 1935 anno
869 1870 1078 1936 confiteantur
1100 1879 1231 1953 peccata
1254 1891 1321 1953 sua,

162 1965 196 2022 et
218 1960 246 2022 si
268 1960 421 2024 minorum
454 1960 598 2024 ordinum
634 1959 740 2024 clerici
767 1964 949 2037 monentur,
971 1965 1019 2022 ‘ut
1050 1960 1181 2040 singulis
1209 1960 1322 2026 saltem

162 2047 323 2110 mensibus
355 2048 569 2126 poenitentiae
604 2053 840 2111 sacramentum
869 2044 1086 2126 frequentent,
1119 2066 1154 2110 eo
1185 2049 1267 2127 quod
1291 2050 1322 2112 in

161 2134 216 2197 uia
239 2136 303 2198 sint
322 2134 366 2197 ad
389 2152 495 2198 sacros
527 2135 652 2197 ordines
681 2131 790 2214 (Cone.
814 2133 899 2198 frid.
924 2151 1000 2197 sess.
1034 2138 1084 2197 23.
1109 2153 1134 2198 c.
1160 2143 1199 2199 13
1224 2142 1256 2198 et
1282 2140 1320 2200 18

162 2220 203 2284 de
227 2219 323 2302 Rei),
358 2221 581 2302 multomagis
614 2223 771 2301 congruit,
807 2226 843 2284 nt
875 2221 1092 2285 sacerdotibus
1125 2223 1267 2286 omnibus
1292 2230 1323 2288 et

163 2309 300 2370 maxime
334 2308 480 2388 parochis
513 2308 583 2390 lege
618 2309 848 2388 praecipiatur,
885 2315 920 2371 ut
952 2309 1076 2388 saepius
1101 2307 1320 2385 confiteantur,

156 2395 238 2474 quia
260 2395 322 2458 illis
345 2414 382 2459 ex
406 2392 536 2460 Concilii
560 2395 736 2460 Tridentini
759 2403 927 2475 praecepto
956 2397 1045 2477 (sess
1078 2400 1129 2458 23.
1162 2415 1187 2460 c.
1216 2401 1264 2461 14.
1290 2406 1322 2460 et

160 2500 241 2546 sess.
267 2487 307 2544 22
332 2482 413 2547 decr.
441 2483 479 2547 de
503 2484 624 2547 observ.
659 2487 691 2546 et
713 2483 785 2546 evit.
810 2483 841 2545 in
872 2481 984 2544 celebr.
1015 2482 1143 2564 missae)
1177 2484 1319 2546 omnibus

162 2569 275 2633 diebus
291 2570 463 2634 Dominicis
486 2575 519 2634 et
540 2568 638 2648 festis,
662 2576 782 2650 quanta
804 2570 940 2633 maxima
966 2567 1035 2632 fieri
1050 2574 1155 2650 potest
1179 2571 1319 2633 interiori

161 2657 268 2720 cordis
295 2657 449 2721 munditia
483 2663 515 2721 et
545 2657 684 2737 puritate
718 2674 831 2720 munus
865 2657 1017 2720 incumbit
1050 2657 1230 2721 immolandi
1254 2657 1322 2722 Deo

160 2743 361 2808 tremendum
386 2743 582 2809 sacrificium.
823 2743 832 2757 ‘

268 2830 356 2894 Haec
379 2831 506 2912 quidem
522 2831 758 2895 considerantes
775 2831 957 2911 saepissime
971 2831 1121 2912 Episcopi
1141 2833 1172 2894 in
1195 2831 1321 2912 synodis

161 2918 408 2997 provincialibus
431 2924 464 2982 et
480 2918 673 2989 dioecesanis
689 2919 870 2982 sacerdotes
887 2920 997 2983 eadem
1014 2918 1053 2982 de
1072 2937 1106 2982 re
1121 2926 1320 2982 monuerunt.

162 3004 243 3069 Sunt
267 3006 358 3081 enim,
382 3008 435 3086 qui
459 3006 582 3086 quoties
605 3005 790 3069 sacrificium
816 3003 925 3069 offerat
948 3006 1107 3084 sacerdos,
1139 3025 1192 3070 cor
1214 3007 1321 3086 poeni·

161 3093 265 3156 tentia
287 3094 432 3157 mundari
454 3092 639 3168 voluerunt3
670 3100 744 3156 sunt
767 3094 821 3173 qui
849 3091 962 3157 saltem
984 3095 1094 3173 quavis
1121 3092 1321 3157 hebdomade

162 3179 212 3244 vel
228 3179 395 3261 quindenis
411 3181 521 3244 diebus
537 3180 614 3243 illud
631 3180 840 3260 expostulant,
865 3179 1007 3261 denique,
1032 3181 1085 3260 qui
1102 3181 1209 3267 mitius
1224 3197 1319 3261 agere

161 3267 319 3344 videntur,
345 3267 474 3346 singulis
498 3266 612 3331 saltem
634 3268 794 3331 mensibus
818 3266 877 3330 boc
906 3274 1138 3331 sacramentum
1173 3285 1319 3331 asacer·

162 3354 290 3419 dotibus
314 3355 433 3435 percipi
456 3356 655 3420 manda-runt.

267 3441 335 3516 Ast,
361 3445 396 3503 ut
421 3440 496 3505 mihi
519 3442 651 3519 videtur,
675 3460 738 3505 non
761 3440 920 3506 sufficiunt
942 3442 1021 3506 haec
1044 3442 1181 3506 decreta.
1213 3441 1318 3504 Primo

160 3529 244 3592 enim
269 3528 384 3607 nescio,
408 3547 448 3592 an
471 3528 548 3592 talia
570 3528 686 3609 ubique
710 3534 830 3593 statuta
853 3530 931 3607 sint,
956 3548 1051 3610 quum
1074 3539 1181 3592 tamen
1205 3546 1319 3592 causae

160 3615 234 3680 illae
258 3615 464 3696 gravissimae
488 3617 610 3696 exigere
644 3615 827 3693 videantur,
862 3622 897 3679 ut
928 3616 1068 3696 generali
1101 3616 1172 3696 lege
1205 3615 1319 3694 ubique

118 3733 121 3743 v
150 3701 317 3768 servanda
341 3702 460 3766 clericis
484 3701 679 3782 frequentior
701 3721 793 3783 quam
821 3703 909 3767 laicis
941 3702 1091 3767 confessio
1125 3703 1318 3784 injungatur.

267 3788 334 3853 Nec
350 3790 613 3870 praetereundum
631 3795 688 3867 est,
712 3788 766 3852 illa
788 3791 976 3872 synodorum
992 3791 1119 3855 decreta
1141 3789 1225 3853 baud
1246 3807 1319 3853 raro

157 3895 223 3941 non
258 3878 428 3955 observari,
462 3877 546 3958 quod
580 3881 612 3940 et
646 3877 684 3940 de
707 3877 863 3940 nonnullis
896 3879 995 3941 nostri
1019 3877 1169 3958 temporis
1193 3877 1319 3957 synodis

158 3967 357 4045 compertum
380 3969 437 4028 est.

267 4049 365 4132 Cujus
388 4052 434 4115 rei
457 4051 483 4114 si
507 4068 602 4114 cansa
625 4057 813 4131 quaeratur,
848 4069 884 4114 ex
916 4069 952 4114 eo
980 4051 1039 4115 boc
1068 4051 1209 4114 evenisse
1232 4053 1317 4130 puto,

150 4138 244 4218 quod
267 4136 322 4201 illa
346 4138 474 4202 decreta
496 4156 559 4201 non
594 4139 672 4202 satis
696 4156 843 4218 expresse
872 4138 991 4215 dicant,
1026 4137 1113 4218 leges
1144 4143 1175 4201 et
1198 4141 1320 4201 statuta

159 4225 201 4288 de
223 4224 285 4289 hac
308 4244 342 4288 re
365 4225 450 4302 ferri,
474 4242 555 4304 quae
580 4226 785 4289 conscientias
809 4225 962 4304 obligant,
989 4242 1051 4288 non
1078 4242 1167 4288 mera
1190 4225 1320 4288 consilia

159 4313 355 4394 presbyteris
378 4313 520 4393 proponi.
565 4311 644 4376 Nam
668 4331 737 4376 cum
761 4311 863 4375 inhia
888 4311 1022 4375 decretis
1045 4313 1166 4376 sanctio
1182 4312 1320 4393 plemm-
