2946 4942
172 294 216 358 10
576 307 768 357 corsrrrcnro
790 307 960 356 soonam

172 447 357 515 effusionem
387 453 532 514 constans
560 447 655 513 ardor
683 447 716 510 in
744 444 863 512 Christi
896 464 994 528 regno
1028 448 1093 513 late
1124 467 1183 530 per
1217 447 1328 515 orbem

168 537 387 619 propagando.

276 625 501 690 Verumtamen
523 621 601 686 haec
622 621 745 701 aliaque
767 621 899 702 insignia
922 622 1141 702 emolumenta,
1166 642 1247 706 quae
1270 645 1329 706 per

169 712 314 776 ultimam
343 713 478 776 maxime
508 709 740 774 oecumenicam
764 708 923 789 Synodum
947 709 1053 774 divina
1075 711 1241 777 clementia
1264 712 1326 778 Ec·

171 799 285 864 clesiae
306 799 422 880 largita
443 804 501 876 est,
525 797 599 861 dum
622 803 726 876 grato,
756 814 817 876 quo
840 814 898 876 par
920 802 983 874 est,
1013 799 1117 864 animo
1140 800 1325 879 recolimus,

168 888 317 952 acerbum
350 903 547 968 compescere
575 883 662 947 haud
684 901 850 964 possumus
873 882 1012 948 dolorem
1036 885 1076 950 ob
1100 886 1182 951 mala
1205 889 1326 968 gravis·

169 975 257 1054 sima,
279 973 353 1039 inde
374 972 573 1055 potissimum
596 976 675 1052 orta,
697 970 781 1051 quod
803 971 944 1053 ejusdem
968 980 1187 1038 sacrosanctae
1207 974 1325 1056 Synodi

169 1062 254 1142 apud
285 1061 458 1142 permultos
491 1060 541 1125 vel
574 1059 744 1123 auctoritas
779 1063 972 1141 contempta,
1006 1060 1057 1124 vel
1090 1063 1326 1143 sapientissima

167 1149 312 1230 neglecta
333 1147 422 1213 tuere
443 1149 582 1213 decreta.

274 1235 373 1301 Nemo
406 1236 488 1301 enim
521 1235 664 1316 ignorat,
698 1233 858 1310 haereses,
892 1251 969 1313 quas
1002 1234 1178 1302 Tridentini
1210 1236 1326 1304 Patres

166 1325 433 1406 proscripserunt,
458 1322 541 1400 dum,
565 1322 683 1402 rejecto
701 1319 804 1385 diuino
818 1319 978 1386 Ecclesiae
993 1325 1186 1405 magisterio,
1210 1344 1261 1389 res
1285 1327 1326 1390 ad

168 1410 355 1494 religionem
385 1414 565 1493 spectantes
591 1409 708 1490 priuati
735 1408 873 1490 cujusvis
906 1409 1020 1488 judicto
1054 1413 1325 1493 permitterentur,

169 1501 201 1563 in
224 1505 328 1564 sectas
351 1498 517 1580 paullatim
540 1495 707 1560 dissolutas
730 1513 798 1560 esse
820 1495 1020 1579 multiplices,
1047 1499 1161 1579 quibus
1183 1501 1267 1566 inter
1289 1519 1324 1566 se

170 1586 429 1653 dissentientibus
463 1590 495 1648 et
523 1583 793 1661 concertantibus,
827 1585 927 1648 omnis
958 1584 1084 1650 tandem
1107 1588 1140 1652 in
1163 1585 1325 1654 Christum

168 1673 246 1740 fides
280 1675 364 1756 apud
397 1690 460 1737 non
493 1690 612 1753 paucos
643 1669 831 1736 labefactata
864 1678 923 1736 est.
988 1673 1099 1753 ltaque
1130 1675 1199 1756 ipsa
1233 1694 1325 1741 sacra

167 1762 279 1842 Biblia,
310 1780 391 1842 quae
421 1765 516 1825 antea
543 1758 732 1823 christianae
767 1758 927 1823 doctrinae
949 1761 1061 1825 unicus
1084 1761 1153 1827 fons
1177 1768 1209 1827 et
1226 1764 1325 1845 judex

164 1849 408 1928 asserebantur,
439 1849 505 1930 jam
528 1864 591 1911 non
613 1864 671 1928 pro
693 1846 807 1910 divinis
829 1846 951 1925 haberi,
982 1847 1044 1912 imo
1068 1850 1216 1931 mythicis
1239 1870 1324 1916 com-

168 1939 281 2002 mentis
303 1936 459 2000 accenseri
483 1938 664 2015 coeperunt.

273 2023 352 2088 Tum
375 2029 452 2088 nata
475 2028 524 2087 est
546 2029 579 2088 et
600 2021 665 2086 late
688 2021 781 2086 nimis
803 2039 860 2101 per
882 2021 988 2086 orbem
1011 2030 1127 2103 vagata
1149 2025 1203 2089 illa
1225 2028 1323 2091 ratio-

165 2112 292 2177 nalismi
308 2131 364 2177 seu
379 2111 577 2177 naturalismi
593 2110 741 2189 doctrina,
757 2127 837 2189 quae
853 2108 995 2190 religioni
1011 2110 1199 2176 christianae
1211 2119 1322 2196 utpote

168 2198 401 2282 supernaturali
422 2199 567 2264 instituto
590 2215 647 2279 per
669 2196 773 2262 omnia
787 2197 968 2275 adversans,
993 2215 1113 2263 summo
1137 2200 1242 2265 studio
1259 2220 1324 2266 mo-

167 2289 252 2368 litor,
275 2293 311 2351 ut
334 2286 474 2366 Christo,
499 2286 552 2367 qui
575 2284 659 2350 solos
682 2283 834 2348 Dominus
862 2289 896 2348 ct
918 2283 1063 2350 Salvator
1084 2295 1193 2353 noster
1216 2296 1277 2368 est,
1304 2309 1323 2354 a

168 2375 326 2441 mentibus
351 2374 504 2452 humanis,
529 2373 630 2438 avita
653 2378 685 2437 et
700 2371 839 2437 moribus
853 2370 1040 2453 populorum
1057 2375 1192 2456 excluso,
1216 2395 1325 2442 merae

167 2463 252 2544 quod
280 2467 392 2528 vocant
419 2462 551 2527 rationis
578 2460 629 2525 vel
656 2464 790 2524 naturae
812 2478 943 2540 regnum
967 2460 1156 2527 stabiliatur.
1200 2463 1324 2530 Relicta

161 2556 275 2617 autem
309 2552 510 2633 projectaque
540 2547 713 2614 christiana
746 2547 913 2629 religione,
948 2554 1063 2630 negato
1095 2568 1169 2614 vero
1192 2550 1260 2616 Deo
1293 2558 1325 2616 et

162 2638 293 2703 ¹Christo
311 2640 386 2720 ejus,
408 2637 557 2719 prolapsa
571 2634 699 2699 tandem
715 2641 764 2700 est
785 2634 956 2699 multorum
971 2654 1060 2701 mens
1075 2638 1108 2701 in
1123 2637 1322 2721 pantheismi,

161 2725 392 2804 ‘materialismi
415 2724 560 2789 atheismi
582 2723 776 2804 barathrum,
798 2730 835 2787 ut
852 2723 919 2803 Jam
933 2723 1035 2804 ipsam
1057 2724 1244 2790 rationalem
1267 2746 1322 2793 na·

167 2820 282 2891 turam,
306 2830 492 2893 omnemque
505 2810 582 2893 justi
596 2811 737 2892 rectique
752 2829 892 2874 normam
909 2815 1071 2892 negantes,
1087 2813 1151 2877 ima
1166 2813 1322 2881 humanae

163 2901 330 2968 societatis
351 2898 556 2965 fundamenta
579 2897 703 2964 diruere
726 2899 938 2965 connitentur.

263 2989 341 3054 ¹Hac
369 3006 464 3069 porro
494 2986 657 3068 impietate
679 2986 920 3068 circumquaque
942 2993 1123 3068 grassante,
1155 2986 1323 3056 infeliciter

168 3075 307 3158 contigit,
329 3081 366 3140 ot
387 3076 494 3158 plures
510 3075 604 3139 etiam
626 3093 644 3140 θ
668 3074 839 3139 catholicae
854 3072 1016 3140 Ecclesiae
1038 3072 1109 3141 filiis
1125 3095 1145 3140 a
1159 3077 1212 3141 via
1227 3096 1322 3143 verae

160 3165 294 3246 pietatis
322 3164 523 3242 aberrarent,
547 3163 580 3228 in
603 3162 720 3244 iisque,
743 3161 904 3228 diminutis
933 3161 1097 3244 paullatim
1127 3165 1321 3246 veritatibus,

162 3269 278 3317 sensus
305 3251 476 3318 catholicus
496 3255 726 3317 attenuaretur.
762 3249 866 3315 Variis
881 3250 963 3314 enim
985 3268 1023 3315 ac
1051 3251 1225 3332 peregrinis
1249 3253 1323 3319 doc·

166 3339 257 3405 trinis
289 3339 431 3420 abducti,
466 3344 611 3404 naturam
645 3343 678 3402 et
711 3337 862 3420 gratiam,
897 3338 1061 3403 scientiam
1090 3339 1260 3405 humanam
1290 3348 1323 3408 et

164 3425 260 3493 fidem
284 3426 421 3493 divinam
443 3444 608 3509 perperam
632 3425 880 3505 commiscentes,
903 3425 1073 3508 genuinum
1095 3444 1222 3492 sensum
1245 3429 1323 3512 dog·

165 3520 295 3594 matum,
318 3533 412 3596 qoem
432 3518 520 3581 tenet
543 3532 581 3580 ac
602 3513 694 3579 docet
708 3512 827 3579 Sancta
846 3512 950 3578 Mater
964 3512 1115 3594 Ecclesia,
1138 3515 1321 3598 depravare,

166 3603 441 3685 integritatemque
475 3606 507 3666 et
540 3602 753 3667 sinceritatem
787 3599 860 3665 fidei
893 3601 926 3665 in
958 3601 1132 3682 periculum
1163 3603 1321 3670 adducere

163 3691 412 3772 comperiuntur.

271 3777 392 3856 Quibus
415 3776 559 3843 omnibus
582 3778 767 3860 perspectis,
791 3774 859 3841 fieri
881 3774 934 3857 qui
956 3781 1070 3857 potest,
1094 3783 1130 3842 ut
1152 3795 1214 3843 non
1238 3795 1321 3844 com·

165 3871 352 3931 moveantur
373 3866 485 3930 intima
499 3863 661 3931 Ecclesiae
685 3863 826 3929 viscera?
850 3862 1119 3941 Quemadmodum
1135 3866 1219 3930 enim
1233 3866 1322 3932 Deus

166 3952 235 4018 vult
267 3971 375 4019 omncs
409 3952 551 4018 homines
585 3952 689 4017 salros
723 3949 807 4028 fieri,
842 3956 876 4016 et
897 3951 938 4016 ad
961 3952 1156 4034 agnitionem
1177 3953 1321 4019 veritatis

160 4040 289 4119 renire3
312 4040 572 4123 quemadmodum
596 4037 742 4104 Christus
764 4039 860 4120 venit,
883 4044 919 4104 ut
941 4038 1062 4105 salvum
1084 4037 1212 4120 faceret,
1236 4042 1320 4121 quod

44 4196 48 4201 ,
165 4127 311 4208 perierat,
335 4133 369 4193 et
388 4126 470 4194 fihos
486 4127 554 4208 Dei,
577 4129 630 4208 qui
652 4133 743 4193 erant
758 4126 901 4208 dispersi,
925 4133 1134 4209 congregaret
1154 4127 1188 4192 io
1210 4146 1319 4192 unum:

159 4213 211 4279 ita
232 4213 392 4294 Ecclesia,
426 4215 536 4281 aDeo
559 4214 745 4297 populorum
775 4219 878 4281 mater
905 4218 937 4278 et
963 4214 1117 4297 magistra
1139 4216 1319 4295 constituta,

160 4302 309 4368 omnibus
332 4301 518 4368 debitricem
541 4320 575 4368 se
597 4303 702 4382 norit,
736 4321 774 4369 ac
796 4301 903 4383 lapsos
926 4301 1061 4383 erigere,
1084 4302 1227 4369 labantes
1251 4320 1321 4368 sus·
