2946 4942
435 363 476 408 nn
499 360 594 409 nuans
617 361 677 408 arr.
700 359 821 408 sarnus.
845 360 882 406 ar
905 347 1039 408 missioni.
1090 423 1093 434 Α
1249 347 1312 408 259

541 612 583 704 ’2.
610 618 916 704 rosconmon

214 777 405 846 nrisoori
427 777 712 860 tucionensis
737 778 793 842 nn
816 777 992 843 rnnvnu
1014 775 1254 846 noctusrnu

308 881 492 969 (suornm
513 882 880 967 suavumsrnaun)
904 881 1154 952 enarramus,

254 1025 483 1106 Episcoporum
506 1025 704 1105 quorundam
726 1023 885 1088 obstinata
907 1023 1074 1088 renuentia
1089 1024 1156 1088 suis
1174 1021 1312 1089 Sedibus

150 1113 294 1191 cedendi,
330 1117 404 1194 post
437 1111 680 1192 publicationem
710 1110 907 1176 'Litterarum
939 1111 1200 1192 Apostolicorum
1233 1113 1313 1176 Tum
1401 1191 1402 1195 Ἰ

148 1199 260 1278 multa,
284 1200 346 1264 diei
369 1199 435 1262 XV.
458 1199 576 1264 Mensis
592 1199 736 1281 Augusti,
761 1199 835 1263 anni
853 1203 946 1278 1801,
971 1197 1212 1265 Conclusionem
1231 1197 1313 1266 Gon·

151 1287 274 1352 cordati
306 1287 517 1368 spectantium
551 1287 635 1368 quod
665 1287 782 1350 inierat
815 1285 847 1350 S.
879 1284 910 1351 S.
933 1287 1009 1352 Pius
1042 1285 1104 1355 ΡΡ.
1139 1288 1207 1354 VII.
1242 1306 1313 1354 cum

149 1375 347 1456 Napoleoue,
382 1375 483 1456 primo
508 1370 646 1439 Consule
669 1373 811 1438 Gallicae
832 1373 1056 1454 Reipublicae,
1091 1381 1198 1441 ortum
1227 1375 1314 1442 dedit

151 1462 277 1526 cuidam
293 1460 470 1540 Schismati,
495 1461 584 1542 qu'us
606 1461 748 1526 fautores
772 1466 805 1525 et
827 1459 1005 1526 Sectatores
1028 1461 1061 1524 iu
1079 1461 1184 1527 Galha
1201 1463 1313 1529 Dissi-

150 1551 266 1628 deales,
291 1555 347 1614 aut
370 1551 465 1614 etiam
481 1569 608 1631 paruae
629 1549 792 1614 Ecclesiae
813 1549 961 1628 membru,
985 1556 1153 1615 vocantur.

256 1635 312 1702 Sat
350 1638 422 1701 altis
456 1636 617 1702 radicibus
654 1636 798 1700 Inhaeret
843 1634 922 1699 illud
956 1636 1103 1702 Schisma
1136 1639 1178 1702 in·
1208 1637 1315 1702 Veteri

155 1725 283 1789 Vearlec
312 1725 468 1800 callaeci,
504 1742 586 1805 quae
620 1724 678 1789 sub
708 1722 803 1787 finem
833 1722 946 1789 XVIII.
983 1724 1102 1790 saeculi
1135 1742 1314 1805 pugnarum

150 1811 309 1876 heroismo
343 1812 617 1894 praestantissimo
656 1811 842 1876 notabilium
881 1809 994 1875 Sedem
1033 1829 1068 1876 se
1110 1813 1216 1894 dedit,
1254 1830 1313 1894 pro

150 1900 322 1980 Religionis
344 1899 497 1981 Regiique
519 1896 907 1985 Regiminisdefensionc.
1185 1923 1187 1926 ⁴

256 1988 420 2052 Dioecesis
442 2004 514 2051 mea
535 1987 753 2064 LucionensiS,
782 1986 871 2069 cujus
901 1987 986 2050 intra
1013 1986 1129 2052 limites
1156 2006 1231 2068 pars
1266 1993 1314 2054 est

149 2074 256 2155 aliqua
277 2073 409 2154 hujusce
440 2074 579 2156 regionis
608 2072 773 2139 nobilitate
804 2073 946 2154 insignis,
982 2072 1235 2139 Christianorum
1257 2075 1320 2140 he-‘

150 2181 240 2226 noum
264 2162 418 2244 sanguine
440 2159 537 2226 effuso
559 2161 752 2241 illustratae,
783 2159 967 2226 Schismate-
990 2161 1229 2228 Drssc'cleala‘am
1253 2160 1315 2227 fuit

150 2249 268 2314 Iniecta
301 2249 491 2330 quibusdam
523 2250 554 2313 in
581 2249 753 2314 Parochiis.
807 2249 993 2314 Generatim
1027 2249 1073 2313 illi
1107 2249 1314 2315 Dissldcates

150 2342 226 2401 sunt
243 2335 414 2401 Christiani
437 2337 625 2402 austeritate
649 2337 744 2414 vitae,
768 2353 953 2415 morumque
975 2337 1163 2418 integritate
1187 2337 1313 2401 omnino

151 2426 373 2489 commendati:
398 2431 432 2488 at
455 2443 493 2488 ex
516 2424 656 2489 ecclesiis
680 2423 786 2487 exules
809 2423 928 2502 vivunt,
953 2423 1062 2488 diebus
1083 2424 1258 2489 Dominicis
1281 2428 1314 2489 et

150 2513 286 2576 Festivis
309 2512 350 2576 ad
366 2513 541 2576 orationem
564 2529 598 2576 se
613 2509 779 2575 conferunt
801 2511 834 2573 in
857 2510 966 2576 domos
988 2511 1140 2592 privatae,
1165 2511 1220 2576 uhi
1236 2510 1313 2575 adu·

151 2604 268 2663 uantur
290 2599 493 2680 praesidente
516 2617 653 2679 persona
674 2598 766 2676 laica,
792 2599 857 2662 sive
880 2598 948 2663 viro
972 2599 1037 2662 sive
1061 2599 1202 2676 muliere,
1231 2617 1313 2680 qnae

152 2687 249 2751 etiam
271 2686 510 2752 Dissidealc‘cm
532 2685 669 2750 infantes
691 2685 845 2766 baptizat,
874 2685 935 2762 imo
965 2686 1133 2768 conjugum
1161 2704 1217 2768 pro
1241 2704 1313 2750 con-

151 2774 314 2838 trahendis
336 2774 544 2839 matrimoniis
567 2791 754 2839 consensum
777 2772 899 2853 recipit.
1016 2821 1018 2824 -
1341 2836 1343 2839 ,

257 2861 540 2926 Praedecessomm
568 2878 709 2926 meorum
739 2859 882 2943 vestigiis
916 2859 1094 2938 inhaerens,
1129 2859 1251 2946 nullum
1275 2878 1313 2925 ex

151 2949 189 3012 iis
212 2968 294 3030 quae
316 2949 392 3012 mihi
414 2949 586 3031 suppetunt
608 2948 729 3028 mediis
753 2948 794 3011 ad
818 2966 871 3012 eos
894 2949 1008 3012 misere
1032 2947 1137 3013 devios
1156 2949 1190 3012 in
1206 2947 1314 3012 aulam

153 3037 250 3100 divini
280 3036 420 3101 Pastoris
454 3036 651 3100 reducendos
682 3035 833 3099 adhibere
866 3035 1076 3115 praetermisi:
1112 3040 1143 3098 et
1174 3035 1315 3116 quolibet

153 3142 248 3202 anno,
284 3125 449 3188 occasione
476 3124 662 3204 praesertim
684 3122 908 3186 visitationum
931 3122 1155 3201 PastoraIIum,
1186 3122 1313 3203 quidam

152 3210 367 3290 Disssieleates,
392 3230 463 3275 cum
484 3229 598 3293 magno
622 3228 691 3274 meo
715 3209 836 3291 solatio,
868 3209 909 3273 ad
938 3209 1092 3273 unitatem
1116 3207 1314 3274 Catholicam

152 3304 365 3362 revertuntur.

259 3385 453 3463 Quibusdam
486 3386 519 3449 in
562 3384 768 3450 Dioecesihus
804 3383 1044 3448 Dissideotlcm
1079 3383 1187 3463 Secta,
1228 3384 1330 3450 idest'

152 3472 264 3537 Parce
285 3473 433 3538 Ecclesia
455 3479 491 3536 nt
513 3478 637 3551 vocant,
660 3471 998 3537 Excommunicationis
1020 3471 1232 3551 publicatione
1253 3471 1313 3536 luit

153 3557 334 3641 profligata:
366 3580 431 3624 non
461 3558 506 3625 ita
536 3562 568 3625 in
597 3560 743 3624 Dioecesi
765 3559 967 3638 lucionensi,
1004 3559 1058 3623 ubi
1090 3577 1214 3639 semper
1242 3575 1313 3624 curn

153 3648 397 3713 Dissidentilas
419 3647 481 3730 illis
505 3651 611 3712 actum
635 3652 684 3712 est
708 3646 906 3728 indulgentia
928 3646 1063 3727 quadam
1086 3652 1119 3710 et
1134 3650 1315 3710 mansuetu-

154 3736 242 3799 dine:
267 3735 348 3800 hanc
371 3736 410 3800 ob
435 3753 562 3800 causam
585 3736 761 3800 necessaria
776 3734 984 3798 mansuetudo
1000 3735 1084 3814 quod
1098 3733 1194 3815 hujus
1211 3732 1314 3798 Schis-

153 3824 247 3886 matis
271 3824 394 3887 occasio
416 3824 452 3886 ia
480 3823 606 3887 Veceleo
633 3823 798 3886 intricetur
826 3822 981 3886 elemento
1011 3822 1148 3902 quodam
1174 3821 1312 3902 politico,

153 3909 235 3990 quod
260 3911 386 3990 quidem
408 3911 556 3974 innititur
578 3910 782 3991 dispositione
805 3910 952 3991 ingenita,
979 3928 998 3972 a
1028 3910 1171 3990 patribus
1195 3909 1314 3974 scilicet

154 3998 219 4060 suis
252 4003 398 4078 accepta,
433 3999 466 4061 in
497 3997 636 4062 favorem
670 3999 775 4079 reglae
808 3996 1026 4077 legitimitatis.
1074 3997 1154 4062 Tota
1186 3995 1313 4061 Venales

152 4092 307 4166 perpetuo
332 4088 362 4149 in
390 4086 481 4166 praxi
510 4089 688 4166 protestata
722 4091 770 4149 est
804 4089 913 4148 contra
948 4083 1102 4165 quasdam
1125 4081 1314 4148 concordati

153 4173 380 4252 ordinationes
406 4191 445 4236 en
467 4191 504 4236 eo
528 4173 611 4253 quod
633 4172 706 4237 illae
737 4171 950 4236 ordinationes
981 4190 1117 4237 coaevae
1144 4173 1209 4236 sint
1231 4172 1313 4251 regi-

153 4261 247 4325 minis
269 4262 389 4342 politici
411 4260 496 4342 quod
518 4278 614 4342 aegre
635 4260 720 4323 illius
735 4259 883 4339 Regionis
898 4259 1019 4323 incolae
1042 4260 1222 4324 admittunt.
1261 4257 1313 4323 Sic

153 4348 250 4413 Festa
272 4367 291 4412 a
315 4346 512 4414 Concordato
535 4349 760 4431 suppressam
788 4345 913 4412 Venales
937 4347 1150 4429 celebrantur,
1181 4363 1313 4428 operum

1158 4468 1206 4521 17*ι
