2946 4942
833 189 853 229 S

645 298 813 348 Possumus

540 544 594 625 22.
621 540 925 626 Postumius

217 686 775 767 111111111111111111
799 697 990 764 11111111
1014 698 1256 765 1111111111.

574 894 762 958 Beatissime
784 891 894 956 Pater!

257 1049 323 1116 Nos
338 1050 533 1132 infrascripti
548 1049 735 1115 Missionum
750 1049 836 1130 apud
850 1046 993 1113 infideles
1007 1048 1125 1113 Vicarii
1139 1047 1321 1130 Apostoliei

148 1137 324 1204 Sanctitati
342 1138 474 1203 Vestrae
494 1135 667 1202 humillime
688 1137 871 1218 exponimus
893 1135 979 1217 quod
999 1135 1158 1203 Sodalitas
1178 1135 1320 1201 Sanctae

153 1224 317 1305 Infantiae,
351 1242 432 1305 quae
461 1223 1108 1309 11111111111111111111111111111
1137 1229 1170 1288 et
1193 1241 1320 1305 preces,
1364 1230 1367 1235 ’

151 1310 325 1379 infidelium
348 1311 514 1378 infantium
529 1312 665 1378 salutem
689 1331 752 1377 non
775 1311 876 1375 solum
899 1311 1023 1375 animae
1039 1310 1095 1375 sed
1116 1318 1150 1376 ‘et
1174 1312 1320 1392 corporis

152 1419 325 1481 procurare
349 1401 482 1482 satagit,
513 1400 614 1464 multa
648 1399 849 1465 missionibus
878 1399 1008 1477 nostris,
1042 1398 1091 1462 his
1125 1399 1320 1480 praesertim

152 1489 293 1568 proxime
310 1487 425 1569 elapsis
441 1480 660 1553 calamitatum
674 1488 878 1570 temporibus,
894 1485 1144 1568 suppeditaverit
1163 1485 1321 1565 subsidia,

153 1574 267 1657 quibus
291 1594 352 1640 non
382 1580 508 1640 tantum
541 1576 722 1640 innumeros
751 1574 901 1651 infantes
940 1573 997 1638 sed
1029 1579 1073 1638 11,
1095 1572 1223 1638 adultos
1254 1591 1321 1637 non

152 1680 272 1744 paucos
297 1663 364 1727 Deo
386 1661 570 1729 lucrifacere
593 1665 764 1745 potuimus;
796 1661 960 1726 charitatis
990 1661 1085 1725 enim.
1099 1660 1321 1741 spectaculum

137 1750 379 1831 *praedicationi
413 1751 476 1815 vim
510 1750 599 1815 addit
633 1756 666 1816 11
703 1749 931 1815 validissimum
965 1754 1014 1813 est
1050 1748 1136 1830 apud
1169 1745 1321 1813 infideles

155 1833 353 1903 Christianae
376 1839 521 1904 veritatis
545 1844 774 1922 argumentum.

259 1925 357 1990 Porro
380 1924 497 2007 triplici
512 1926 699 2008 praesertim
715 1925 807 1990 modo
823 1925 883 1992 hoc
902 1925 1012 1992 salutis
1035 1944 1114 2008 opus
1136 1926 1169 1990 in
1193 1927 1321 1993 missio-

153 2012 246 2076 nibus
269 2031 463 2078 exercemus:
493 2014 597 2078 Primo
619 2032 678 2095 per
700 2013 924 2093 circulatores,
959 2018 996 2077 ut
1025 2013 1174 2092 dicimus,
1199 2014 1322 2095 Bapti-

153 2103 277 2164 aotorcs
299 2101 353 2182 fflri
375 2101 460 2166 vicos
484 2105 517 2165 et
540 2101 655 2182 oppida
685 2100 916 2182 perlustrantes
950 2101 1180 2166 medicamenta
1203 2120 1321 2183 aegro-

153 2187 295 2252 tantibus
319 2185 493 2253 infidelium
516 2187 691 2253 infantibus
714 2190 814 2270 gratis
838 2188 1044 2270 elargiuntur,
1076 2193 1107 2252 11
1130 2206 1210 2269 quos
1233 2189 1320 2254 forte

154 2274 357 2339 moribundos
392 2274 631 2356 deprehendunt
670 2274 778 2340 insciis
812 2275 998 2357 parentibus
1038 2277 1221 2356 baptizant,
1263 2274 1320 2341 Se·

155 2361 257 2427 cundo
280 2362 312 2426 in
335 2362 516 2428 civitatibus
539 2380 595 2444 per
613 2363 824 2442 1111111111
846 2381 979 2444 quorum
1009 2362 1120 2427 medici
1144 2360 1321 2428 Christiani

155 2449 294 2514 remedia
309 2449 547 2532 aegrotantibus
562 2449 734 2515 infantibus
757 2450 878 2532 pariter
893 2450 1037 2514 tribuunt
1057 2457 1090 2514 et
1112 2456 1321 2516 occurrentes

154 2537 356 2602 moribundos
397 2536 575 2619 baptizant3
618 2538 726 2602 Tertio
766 2538 895 2602 tandem
933 2555 991 2618 per
1033 2534 1321 2617 orphanotrophio

155 2630 188 2687 et
208 2624 331 2690 scholas
356 2626 389 2688 in
423 2625 538 2705 quibus
570 2623 708 2690 infantes
742 2624 915 2689 infidelium
948 2623 1090 2689 derelicti
1122 2623 1321 2706 colliguntur

155 2715 211 2775 aut
234 2712 327 2776 etiam
343 2712 446 2794 pretio
462 2717 617 2792 emuntur,
642 2718 675 2777 et
698 2711 870 2777 christiana
893 2712 1038 2776 doctrina
1052 2712 1163 2776 imbuti
1180 2713 1322 2793 optimas

155 2799 270 2879 populo
294 2798 413 2863 Christi
434 2799 570 2863 familias
592 2799 817 2881 superaddunt.

261 2885 385 2964 Liceat,
425 2887 611 2951 Beatissimo
641 2886 752 2966 Pater,
787 2886 955 2951 Sanctitati
988 2885 1125 2950 Vestrae
1159 2903 1322 2966 exponere

156 2972 239 3052 quod
263 2991 283 3037 1
305 2972 481 3054 quindecim
504 2992 604 3055 nuper
627 2974 743 3055 elapsis
766 2976 856 3044 annis
880 2974 1031 3055 baptizati
1053 2971 1185 3051 fuerint,
1215 2974 1323 3054 opitu·

155 3058 242 3124 laute
258 3059 395 3126 Sanctae
410 3059 563 3126 Infantiac
580 3061 768 3140 Sodahtate,
791 3061 969 3126 moribundi
985 3058 1156 3126 infidelium
1179 3057 1323 3126 infantes

157 3151 341 3227 3,855,570,
377 3149 430 3228 qui
459 3152 589 3213 aeterna
612 3148 707 3232 potiti
729 3148 831 3230 gloria
856 3150 955 3214 Deum
982 3166 1039 3229 pro
1062 3164 1192 3212 suorum
1215 3146 1324 3212 salute

156 3240 301 3313 exorant3
335 3236 368 3299 in
391 3233 678 3318 Orphanotrophiis
709 3253 784 3300 vero
815 3236 940 3301 educati
974 3235 1044 3317 plus
1075 3252 1170 3315 quam
1194 3239 1324 3299 ceratam

156 3321 262 3386 millio
285 3340 418 3403 quorum
440 3324 627 3404 superstites
649 3321 758 3404 populi
780 3323 943 3390 christiani
974 3339 1138 3387 nnmerum
1161 3328 1325 3386 auxerunt

156 3413 188 3472 et
218 3409 251 3474 in
283 3410 349 3474 dies
380 3416 509 3491 augent.
563 3409 611 3474 Ex
649 3411 819 3477 recentiori
848 3429 923 3499 vero
955 3408 1138 3474 Sodalitstis
1168 3414 1324 3492 computo

158 3501 280 3561 constat
313 3496 493 3578 hujusmodi
532 3498 736 3564 moribundos
777 3496 914 3563 infantes
957 3497 1120 3562 annuatim
1160 3495 1325 3577 baptizari

158 3588 314 3663 380,700;
338 3589 370 3649 et
392 3586 423 3649 in
446 3583 716 3667 Ophanotrophiis
739 3585 867 3651 educari
890 3587 1020 3664 45,277.

262 3670 361 3736 Porro
394 3672 427 3737 hi
461 3672 572 3737 salutis
606 3671 726 3737 fructus
753 3674 829 3739 licet
855 3671 1007 3737 uberrimi
1029 3674 1175 3751 possent,
1211 3671 1326 3735 multi-

156 3757 281 3839 phcatis
304 3759 468 3838 subsidiis,
503 3760 536 3824 in
559 3759 620 3825 Dei
642 3759 776 3842 gloriam
799 3766 832 3825 11
854 3760 1029 3825 animarum
1052 3756 1190 3822 salutem
1213 3758 1326 3822 multi·

157 3845 284 3926 plicari;
315 3847 470 3911 innumeri
492 3848 575 3912 enim
594 3842 702 3929 jacerit
733 3845 905 3912 infidelium
937 3845 1073 3911 infantes
1103 3845 1157 3924 qui
1179 3845 1327 3925 quotidie

157 3951 177 3996 a
199 3934 288 4000 nobis
312 3952 426 4016 panem
448 3935 535 4000 vitae
550 3941 673 4016 petunt,
697 3941 731 4000 11
746 3954 809 4001 111
824 3933 984 4001 sufficiunt
1006 3932 1060 4014 qni
1081 3935 1130 3996 tot
1152 3931 1327 4013 egentibus

158 4018 318 4101 frangant.
364 4020 555 4104 Suppliciter
577 4022 673 4101 igitur
705 4023 910 4104 deprecamur
942 4025 978 4085 ut
1008 4018 1168 4084 Sanctitas
1204 4019 1328 4085 Vestra

157 4107 243 4187 piam
265 4108 348 4173 hanc
378 4108 513 4175 Sanctae
535 4107 694 4174 Infantiae
716 4108 925 4175 Sodalitatem
956 4108 1102 4187 dignetur
1132 4105 1327 4172 benedicere

158 4196 190 4257 et
213 4193 453 4260 venerabilibus
476 4196 642 4262 Fratribus
665 4199 782 4262 nostris
809 4195 1009 4263 Sacrosancti
1024 4191 1156 4259 Concilii
1171 4193 1328 4259 Vaticani

158 4279 306 4345 Patribus
330 4285 560 4364 commendare,
584 4291 740 4363 quatenus
764 4284 890 4349 illorum
913 4301 972 4364 ope
1002 4286 1033 4346 11
1055 4281 1232 4362 patrocinio
1257 4288 1329 4347 tam
