2946 4942
472 327 570 376 monn
590 326 694 376 RERUM
715 329 753 376 lt'l
775 328 984 377 inmortuus.

1052 475 1066 493 o
1221 467 1238 500 l’
1265 489 1271 502 .

361 519 404 573 De
421 517 510 575 titulis
538 519 629 574 curiae
652 518 795 573 Romanae
818 513 977 574 honorificis
1001 535 1054 574 non
1080 533 1153 576 cona
1238 475 1272 533 η’

466 605 587 660 ferendis
605 605 795 661 sacerdotibus
815 613 897 661 extra
910 607 1023 662 Romam
1044 607 1144 676 degen-

466 693 548 762 tibus,
567 694 730 748 inconsultis
749 694 873 761 ipsorum
891 693 1037 749 ordinariis
1092 733 1099 745 .
1137 736 1143 751 .
1181 695 1234 750 156

375 818 388 847 „
416 780 483 835 viris
501 780 530 833 in
550 795 606 838 sao.
626 780 813 835 cardinalium
831 780 947 847 collegio
967 780 1143 848 romanisque

467 866 732 936 congregationibus
743 873 771 922 et
782 868 965 923 tribunalibus
981 868 1144 924 adhibendis
1182 870 1235 923 156
1253 881 1294 936 tq

360 945 1184 1024 Eminentissimicardinalesetpraecipuicuriaeliomanue¹

465 1041 598 1097 officiales
624 1059 659 1098 ex
685 1044 789 1097 cunctis
807 1043 964 1097 nationibus
986 1042 1142 1097 assumendi
1180 1043 1231 1097 157

361 1129 403 1185 De
421 1129 544 1185 conciliis
564 1130 745 1185 oecumenicis
765 1131 875 1198 saepius
894 1129 1066 1185 celebrandis
1090 1170 1096 1184 .
1134 1172 1141 1188 .
1180 1132 1232 1183 157

373 1257 386 1283 „
479 1257 492 1286 ,,
561 1217 694 1284 plenariis
713 1216 850 1270 interdum
868 1217 1015 1290 habendis
1050 1258 1056 1270 .
1093 1257 1099 1271 .
1136 1259 1143 1275 .
1182 1218 1234 1270 117
1253 1230 1292 1284 sq.

373 1343 386 1372 „
479 1343 492 1373 „
559 1304 772 1372 provincialibus
806 1304 920 1372 singulis
953 1303 1142 1373 quinquenniis

466 1390 637 1447 celebrandis
693 1431 1140 1450 ...........
1180 1391 1231 1444 118

374 1517 387 1545 „
417 1479 529 1547 synodis
549 1479 716 1533 dioecesanis
736 1519 1137 1536 ..........
1176 1480 1230 1532 158

372 1606 384 1634 ,,
413 1565 609 1621 reformatione
625 1567 698 1636 juris
717 1566 840 1621 canonici
870 1606 1139 1623 .......
1178 1566 1231 1620 158
1250 1579 1293 1633 sq.

340 1698 345 1706 .
373 1693 385 1720 „
415 1656 547 1722 censuris,
566 1655 733 1721 praesertim
750 1648 920 1722 reservatis,'
932 1652 969 1706 ad
986 1653 1141 1723 pauciorem

465 1758 608 1796 numerum
625 1742 785 1797 reducendis
827 1780 1054 1798 ......
1085 1732 1097 1798 ⁴.
1134 1781 1141 1797 .
1181 1741 1231 1794 159

374 1868 385 1895 „
415 1830 648 1884 reservationibus
661 1835 835 1898 peccatorum
849 1827 875 1882 S.
889 1826 1018 1883 Pontifici
1029 1828 1140 1896 adpau·

464 1910 553 1972 111111
572 1932 654 1972 casus
673 1914 833 1971 reducendis
865 1956 1136 1972 .......
1175 1916 1228 1970 160

371 2044 384 2074 „
415 2004 541 2072 catalogo
551 2019 666 2058 casuum
676 2003 703 2061 S.
714 2002 837 2058 Pontifici
848 2010 1055 2057 reservaturum
1063 2002 1139 2057 initio

465 2091 587 2160 cujusvis
596 2091 774 2160 pontificatus
788 2088 928 2145 exarando
940 2096 968 2143 et
977 2087 1139 2156 publicando
1178 2089 1226 2142 161

372 2218 386 2249 ‚‚
414 2180 518 2246 legibus
537 2178 783 2233 matrimonialibus
801 2176 1007 2233 reformandis.
1044 2220 1051 2234 .
1088 2218 1094 2231 .
1130 2218 1138 2235 .
1177 2177 1228 2230 162

374 2304 387 2334 „
418 2266 564 2320 minuendo
597 2266 855 2335 impedimentorum
885 2263 1051 2318 matrimonii
1077 2261 1139 2317 diri·

464 2354 593 2430 mentium
612 2368 725 2408 numero
736 2389 1138 2410 ..........
1177 2349 1230 2403 162

374 2479 387 2509 ,‚
416 2439 596 2496 modificando
616 2440 844 2495 clandestinitatis
863 2438 1057 2507 impedimento
1088 2477 1094 2491 .
1132 2477 1138 2491 .
1161 2426 1229 2491 '162

359 2527 487 2582 hatiores
519 2527 664 2584 facultates
689 2528 835 2597 Episcopis
863 2527 899 2582 ad
926 2523 1138 2593 dispensandum
1162 2573 1167 2580 ,
1260 2563 1264 2574 .

464 2631 549 2683 super
559 2616 756 2684 impedimentis
770 2615 936 2669 matrimonii
949 2612 1138 2670 concedendae
1176 2614 1228 2666 168

360 2703 584 2770 Dispensationes
617 2704 644 2757 in
673 2719 785 2758 romana
813 2704 890 2758 curia
915 2702 1066 2770 promptius
1093 2716 1139 2755 ex·

463 2790 613 2857 pediendae
641 2826 1135 2848 ............
1175 2788 1227 2841 164

360 2877 401 2929 De
419 2875 495 2929 feriis
514 2877 560 2934 SS.
574 2877 825 2947 Congregutionum
843 2883 871 2932 et
883 2875 1071 2932 Tribunalium
1082 2875 1137 2930 Ro·

463 2980 605 3018 manorum
625 2965 825 3033 supprimendis
843 2965 887 3019 vel
905 2964 1059 3019 minuendis
1087 3003 1094 3017 .
1130 3004 1138 3020 .
1175 2963 1228 3016 164

371 3088 384 3117 ,,
412 3049 593 3106 reformandis
613 3053 685 3121 stylo
706 3058 735 3107 et
753 3052 857 3121 regulis
876 3052 911 3107 ad
929 3052 1065 3119 rescripte
1084 3050 1136 3105 dis·

465 3140 657 3205 pensationum
675 3141 843 3194 matrimonii
861 3139 1048 3208 spectantibus
1086 3179 1093 3194 .
1130 3178 1136 3192 .
1174 3140 1227 3193 164

372 3264 384 3291 „
413 3223 515 3280 Indicis
533 3226 664 3282 librorum
681 3228 786 3296 regulis
805 3234 833 3282 et
851 3228 932 3297 praxi
954 3266 1168 3286 ......
1173 3228 1226 3281 165

371 3351 384 3380 ,,
415 3313 558 3368 revisendo
578 3315 715 3371 Breviario
774 3354 1133 3373 .........
1172 3313 1224 3368 165

371 3439 384 3470 ,,
412 3401 590 3470 indulgentiis
601 3442 1135 3460 .............
1174 3404 1225 3456 166
1244 3415 1286 3469 sq.

355 3490 399 3541 An
409 3490 551 3544 conveniat
563 3488 639 3559 leges
652 3491 832 3546 abstinentiae
842 3497 873 3563 et
881 3489 981 3560 jejunii
993 3488 1029 3543 ad
1042 3504 1135 3557 quam-

461 3576 522 3630 dam
533 3577 749 3632 uniformitatem
761 3578 854 3654 reduci
867 3578 910 3634 vel
923 3578 1004 3632 etiam
1015 3575 1136 3645 mitigari
1174 3576 1225 3630 167

357 3661 399 3718 De
415 3663 468 3732 piis
487 3665 659 3734 imaginihus,
685 3666 718 3720 de
735 3665 875 3721 miraculis
897 3670 925 3720 11
943 3664 976 3719 de
994 3663 1072 3720 novis
1090 3662 1136 3719 de·

461 3752 577 3807 notionis
596 3753 728 3820 praxibus
772 3795 780 3811 .
817 3792 1133 3810 ........
1172 3752 1223 3804 167

369 3876 382 3906 ,,
411 3838 506 3894 diariis
531 3840 673 3895 catholicis
691 3839 867 3896 moderandis
885 3847 914 3895 et
932 3836 1135 3907 compescendis
1172 3839 1224 3893 167

368 3963 382 3994 ,,
411 3927 584 3982 cautionibus
609 3927 784 3998 adhibendis,
814 3943 849 3982 ne
875 3943 920 3982 res
945 3925 1059 3980 (lencilii
1085 3925 1133 3980 111-

459 4013 589 4081 prudenti
601 4023 630 4070 et
642 4014 847 4084 indisciplinata
858 4015 1027 4069 immixtione
1036 4012 1134 4068 diario

460 4116 520 4156 rum
538 4102 709 4171 publicorum
728 4102 924 4170 perturbentur
951 4139 1133 4159 .....
1171 4101 1224 4154 168

354 4185 396 4241 De
414 4186 580 4243 adducendis
592 4188 946 4246 11111111111111111111111
958 4195 986 4246 11
998 4188 1133 4244 unitatem

458 4274 621 4330 catholicam
639 4275 802 4344 infidelibus,
821 4276 1005 4333 schismaticis
1024 4280 1051 4331 et
1069 4275 1133 4330 hae·

459 4357 561 4416 reticis'
598 4401 1131 4422 .............
1170 4363 1223 4418 169
