2946 4942
562 318 603 365 nn
625 317 722 365 nunus
745 317 933 367 noonnnms
1265 309 1326 368 119

169 459 390 540 Deiparaeque
413 459 555 541 gloriam,
578 457 619 523 ad
641 459 793 534 meritum
814 463 846 522 et
868 455 1049 523 firmitatem
1065 457 1165 537 Fidei,
1190 459 1232 523 ad
1254 459 1330 524 fide-

168 547 245 610 hum
269 546 524 625 consolationem,
549 547 749 611 devotissime
772 543 958 626 efflagitant,
982 551 1018 611 ut
1040 547 1079 610 de
1094 547 1240 611 doctrina
1262 565 1331 612 cor·

170 653 287 716 pereae
311 634 449 714 Virginis
473 635 705 715 Assumptionis
728 633 760 697 in
776 632 906 697 Coelnm
929 633 961 696 in
984 634 1053 713 ipso
1077 635 1174 698 Sacro
1190 632 1329 699 Concilio

169 727 394 803 pertractetur,
425 739 462 785 ac
486 721 584 802 (qnod
612 721 698 786 Dens
723 721 889 802 concedat)
920 722 947 783 si
978 721 1038 802 ipsi
1060 721 1229 800 videbitur,
1254 721 1331 804 dog·
1437 719 1438 722 ’

169 811 284 873 matice
310 809 468 874 declarare
492 827 529 872 ac
559 807 687 872 definire
711 808 866 888 dignetur,
892 807 1025 871 Mariam
1049 809 1211 890 Virginem
1234 807 1332 874 Sanc·

170 898 324 962 tissimam
341 914 470 977 corpore
493 903 525 959 et
541 896 655 973 anima,
679 895 719 959 ad
742 894 980 958 similitudinem
996 894 1067 959 Filii
1085 895 1140 960 Sui
1156 896 1331 961 Salvatoris

170 985 287 1061 Nostri,
311 985 345 1048 in
369 981 471 1047 Coelis
495 983 629 1064 gloriose
653 1000 797 1064 regnare.

198 1168 201 1173 ·
269 1122 356 1187 Ii'oc'c
372 1122 588 1202 postulationi
609 1122 866 1200 subscripserunt
887 1126 931 1184 13
957 1120 1093 1186 Corccr'llr'
1117 1121 1242 1186 Patres.

278 1469 357 1535 Cum
380 1469 573 1551 infrascripti
590 1471 721 1536 Concilii
737 1473 881 1537 Vaticani
896 1472 1007 1536 Patres
1029 1474 1120 1553 juxta
1143 1474 1331 1552 perpetuum

171 1560 335 1639 utriusque
359 1557 521 1623 Ecclesiae
539 1575 663 1623 sensum
689 1568 721 1624 et
743 1561 946 1624 traditionem
969 1559 1179 1623 venerandam
1197 1558 1332 1622 Beatam

171 1647 307 1709 hieriam
341 1646 501 1726 Virginem
532 1647 648 1709 intuitu
678 1648 859 1711 meritorum
897 1645 1015 1710 Christi
1044 1647 1121 1711 Jesu
1148 1645 1330 1719 Salvatoris

172 1735 252 1797 sicut
283 1734 321 1798 de
352 1740 481 1814 peccato
513 1752 569 1813 per
592 1733 830 1798 Immaculatam
855 1731 1112 1814 Conceptionem,
1145 1737 1177 1796 et
1200 1733 1238 1797 de
1261 1750 1332 1798 con·

92 1892 94 1894 ,
172 1821 365 1903 cupiscentia
398 1840 456 1900 per
483 1821 676 1902 Virginalem
704 1821 957 1899 hlaternitatem,
992 1822 1037 1884 ita
1071 1825 1104 1885 et
1134 1821 1173 1885 de
1207 1819 1334 1885 inimica

172 1917 273 1972 morte
307 1907 497 1987 singularem
535 1909 728 1989 triumphum
766 1909 911 1974 retulisse
948 1926 1006 1989 per
1043 1907 1253 1973 acceleratam
1291 1906 1333 1972 ad

173 1996 409 2060 similitudinem
431 1995 503 2059 Filii
519 1994 574 2059 Sui
589 1997 863 2060 Resurrectionem
879 1994 1055 2060 firmissime
1079 2000 1225 2072 teneaut;
1248 1994 1329 2070 ideo,

171 2091 207 2148 ut
230 2082 298 2162 ejus
321 2082 422 2164 gloria
445 2100 525 2147 novo
549 2083 714 2164 splendore
738 2088 903 2164 augeatur,
926 2084 1055 2165 ejusque
1078 2083 1269 2165 praesidium
1292 2079 1333 2144 ad

171 2171 396 2235 interimendas
427 2171 576 2234 haereses
600 2171 660 2236 hac
689 2176 798 2235 nostra
820 2171 972 2252 piaculari
1006 2176 1114 2235 aetate
1138 2176 1332 2250 grassantes,

171 2257 314 2338 Eamque
337 2264 369 2321 et
394 2258 493 2322 Deum
517 2256 631 2321 Filium
662 2257 728 2338 ejus
751 2259 948 2339 impetentes,
972 2259 1071 2338 magis
1095 2259 1259 2339 magisque
1283 2274 1334 2319 ex·

146 2346 326 2428 -periatnr,
350 2351 382 2409 et
397 2343 624 2417 Christifideles
647 2352 792 2409 votorum
816 2347 879 2409 sint
902 2345 1030 2410 tandem
1055 2351 1235 2426 compotes3
1259 2343 1334 2408 Dei·

171 2451 283 2514 param
316 2433 420 2496 anima
459 2438 491 2496 et
525 2451 656 2513 corpore
691 2432 778 2498 coelo
814 2432 926 2497 adesse
962 2434 1117 2496 viventem
1152 2431 1334 2497 solemniter

172 2520 342 2598 declarari,
379 2520 583 2601 proclamari,
620 2526 715 2600 atque
746 2517 869 2584 definiri
896 2538 915 2582 a
946 2518 1155 2584 sacrosancta
1176 2519 1333 2583 Vaticana

173 2608 299 2690 Synodo
323 2626 415 2688 quam
440 2607 659 2671 ardentissime
682 2612 843 2689 expetunt.

253 2746 341 2810 Huic
358 2746 570 2905 postolotiozc'
592 2747 849 2827 subscripserant
872 2747 933 2811 cluo
959 2745 1095 2812 Canachi
1117 2745 1243 2811 Petras.

280 3077 358 3143 Cum
382 3076 574 3158 infrascripti
596 3075 728 3143 Concilii
745 3078 890 3154 Vaticani
905 3077 1017 3143 Patres
1038 3077 1130 3158 juxta
1145 3082 1333 3157 perpetuum

175 3167 340 3246 utriusque
356 3164 519 3230 Ecclesiae
543 3182 668 3229 sensum
685 3173 717 3230 et
739 3166 941 3230 traditionem
964 3163 1185 3242 venerandam,
1201 3165 1334 3229 Beatam

174 3253 308 3316 Mariam
333 3253 510 3333 Virginem,
543 3253 660 3316 intuitu
690 3253 874 3318 meritorum
898 3250 1017 3316 Christi
1044 3252 1121 3317 Jesu
1151 3251 1334 3330 salvatoris,

175 3342 258 3405 sicut
287 3341 325 3404 de
348 3346 479 3419 peccato
509 3358 566 3420 per
588 3340 827 3404 Immaculatam
851 3337 1111 3422 Conceptionem,
1143 3340 1237 3404 etde
1260 3356 1334 3404 con-

175 3428 371 3509 cupiscentia
402 3445 459 3506 per
486 3427 680 3508 Virginalem
710 3427 964 3507 Maternitatem‚
1000 3428 1047 3492 ita
1084 3430 1116 3490 et
1142 3426 1181 3490 de
1209 3427 1335 3490 inimica

174 3522 275 3579 morte
311 3514 501 3595 singularem
535 3514 727 3595 triumphum
762 3515 924 3594 retulisse,
959 3533 1016 3597 per
1049 3514 1257 3579 acceleratam
1295 3513 1335 3576 ad

176 3602 411 3667 similitudinem
431 3600 504 3665 Filii
526 3600 581 3666 Sui
595 3601 869 3667 Resurrectionem
891 3599 1070 3668 firmissime
1091 3605 1239 3682 teneant3
1263 3600 1334 3666 ideo

174 3697 210 3753 ut
232 3688 311 3770 Ejus
339 3688 440 3767 gloria
469 3707 549 3753 novo
578 3687 746 3770 splendore
774 3688 939 3771 augeatur,
971 3688 1112 3770 Ejusque
1139 3687 1335 3770 praesidium

174 3777 214 3841 ad
248 3776 475 3862 interimendas
505 3775 653 3841 haereses
687 3776 748 3841 hac
780 3783 890 3842 nostre
922 3777 1073 3860 piaculari
1107 3780 1212 3841 aetate
1246 3793 1335 3857 gras-

175 3870 297 3942 santes,
331 3862 433 3945 magis
464 3864 626 3945 magisque
657 3864 846 3946 experiatur,
878 3869 911 3929 et
940 3861 1168 3929 Christilideles
1190 3866 1335 3927 votorum

175 3953 238 4015 sint
260 3951 390 4015 tandem
418 3955 595 4032 compotes,
627 3951 797 4032 Deiparam
821 3953 927 4016 anima
954 3958 986 4015 et
1009 3969 1139 4032 corpore
1170 3949 1257 4014 coelo
1280 3949 1335 4013 ad·

175 4057 245 4103 esse
268 4040 425 4103 viventem
451 4038 634 4104 solemniter
649 4037 816 4118 declarari,
839 4038 1028 4119 proclamari
1051 4045 1147 4118 atque
1170 4033 1336 4102 definiria

176 4125 383 4191 sacrosancta
400 4127 554 4191 Vaticana
569 4125 694 4206 Synodo
717 4143 811 4206 quam
835 4126 1054 4190 ardentissime
1070 4130 1231 4206 expetunt.
1269 4125 1335 4190 Nos

174 4213 302 4293 quidem
325 4230 395 4276 cum
419 4213 562 4278 omnibus
577 4211 725 4278 Patribus
749 4217 870 4277 certam
893 4209 1039 4277 fiduciam
1054 4211 1218 4292 habemns,
1242 4230 1335 4294 gene.

174 4301 255 4365 ralia
293 4298 427 4365 Comitia
464 4299 646 4367 Catholicae
684 4298 861 4379 Ecclesiae,
901 4317 983 4381 quae
1021 4300 1080 4366 snb
1117 4306 1184 4365 tam
1224 4299 1336 4364 faustis
