<?xml version="1.0" encoding="UTF-8"?>
<!DOCTYPE html PUBLIC "-//W3C//DTD XHTML 1.0 Transitional//EN"
    "http://www.w3.org/TR/xhtml1/DTD/xhtml1-transitional.dtd">
<html xmlns="http://www.w3.org/1999/xhtml" xml:lang="en" lang="en">
 <head>
  <title>
</title>
<meta http-equiv="Content-Type" content="text/html;charset=utf-8" />
  <meta name='ocr-system' content='tesseract 3.04.00' />
  <meta name='ocr-capabilities' content='ocr_page ocr_carea ocr_par ocr_line ocrx_word'/>
</head>
<body>
  <div class='ocr_page' id='page_1' title='image "./omniumconciliiv01martgoog_0223.png"; bbox 0 0 2946 4942; ppageno 0'>
   <div class='ocr_carea' id='block_1_1' title="bbox 154 294 905 389">
    <p class='ocr_par' dir='ltr' id='par_1_1' title="bbox 154 294 905 389">
     <span class='ocr_line' id='line_1_1' title="bbox 154 294 905 389; baseline -0.003 0"><span class='ocrx_word' id='word_1_1' title='bbox 154 330 216 389; x_wconf 80' lang='lat'>218</span> <span class='ocrx_word' id='word_1_2' title='bbox 645 342 814 389; x_wconf 78' lang='lat' dir='ltr'>rosmmsri</span> <span class='ocrx_word' id='word_1_3' title='bbox 902 294 905 301; x_wconf 32' lang='lat'>⁵</span> 
     </span>
    </p>
   </div>
   <div class='ocr_carea' id='block_1_2' title="bbox 86 477 1311 1170">
    <p class='ocr_par' dir='ltr' id='par_1_2' title="bbox 151 477 1311 735">
     <span class='ocr_line' id='line_1_2' title="bbox 152 477 1311 561; baseline -0.004 -15"><span class='ocrx_word' id='word_1_4' title='bbox 152 501 263 546; x_wconf 88' lang='lat' dir='ltr'>manns</span> <span class='ocrx_word' id='word_1_5' title='bbox 287 480 464 559; x_wconf 89' lang='lat' dir='ltr'>dissolutas,</span> <span class='ocrx_word' id='word_1_6' title='bbox 500 487 532 543; x_wconf 90' lang='lat' dir='ltr'>et</span> <span class='ocrx_word' id='word_1_7' title='bbox 554 498 656 561; x_wconf 89' lang='lat' dir='ltr'>genua</span> <span class='ocrx_word' id='word_1_8' title='bbox 687 479 802 544; x_wconf 92' lang='lat' dir='ltr'>debilia</span> <span class='ocrx_word' id='word_1_9' title='bbox 832 479 1019 555; x_wconf 88' lang='lat' dir='ltr'>roboranda,</span> <span class='ocrx_word' id='word_1_10' title='bbox 1056 480 1097 542; x_wconf 90' lang='lat' dir='ltr'>ad</span> <span class='ocrx_word' id='word_1_11' title='bbox 1119 477 1311 559; x_wconf 87' lang='lat' dir='ltr'>aperiendos</span> 
     </span>
     <span class='ocr_line' id='line_1_3' title="bbox 151 566 1310 654; baseline -0.005 -21"><span class='ocrx_word' id='word_1_12' title='bbox 151 567 258 634; x_wconf 92' lang='lat' dir='ltr'>oculos</span> <span class='ocrx_word' id='word_1_13' title='bbox 289 585 454 632; x_wconf 86' lang='lat' dir='ltr'>caecorum</span> <span class='ocrx_word' id='word_1_14' title='bbox 486 574 518 630; x_wconf 90' lang='lat' dir='ltr'>et</span> <span class='ocrx_word' id='word_1_15' title='bbox 540 585 634 631; x_wconf 90' lang='lat' dir='ltr'>aures</span> <span class='ocrx_word' id='word_1_16' title='bbox 662 568 892 647; x_wconf 86' lang='lat' dir='ltr'>surdornm“,¹)</span> <span class='ocrx_word' id='word_1_17' title='bbox 916 567 986 646; x_wconf 92' lang='lat' dir='ltr'>quis</span> <span class='ocrx_word' id='word_1_18' title='bbox 1008 566 1092 630; x_wconf 93' lang='lat' dir='ltr'>illico</span> <span class='ocrx_word' id='word_1_19' title='bbox 1115 584 1180 630; x_wconf 94' lang='lat' dir='ltr'>non</span> <span class='ocrx_word' id='word_1_20' title='bbox 1203 566 1310 654; x_wconf 85' lang='lat' dir='ltr'>memi-</span> 
     </span>
     <span class='ocr_line' id='line_1_4' title="bbox 151 651 1311 735; baseline -0.005 -17"><span class='ocrx_word' id='word_1_21' title='bbox 151 657 235 719; x_wconf 90' lang='lat' dir='ltr'>nerit</span> <span class='ocrx_word' id='word_1_22' title='bbox 258 654 289 720; x_wconf 86' lang='lat' dir='ltr'>S.</span> <span class='ocrx_word' id='word_1_23' title='bbox 302 654 461 720; x_wconf 83' lang='lat' dir='ltr'>Francisci</span> <span class='ocrx_word' id='word_1_24' title='bbox 477 654 597 732; x_wconf 86' lang='lat' dir='ltr'>Salesii‚</span> <span class='ocrx_word' id='word_1_25' title='bbox 622 657 710 735; x_wconf 90' lang='lat' dir='ltr'>cujus</span> <span class='ocrx_word' id='word_1_26' title='bbox 734 654 803 718; x_wconf 90' lang='lat' dir='ltr'>laus</span> <span class='ocrx_word' id='word_1_27' title='bbox 819 661 869 719; x_wconf 90' lang='lat' dir='ltr'>est</span> <span class='ocrx_word' id='word_1_28' title='bbox 890 655 924 717; x_wconf 92' lang='lat' dir='ltr'>in</span> <span class='ocrx_word' id='word_1_29' title='bbox 940 653 1082 718; x_wconf 84' lang='lat' dir='ltr'>Ecclesia</span> <span class='ocrx_word' id='word_1_30' title='bbox 1105 651 1311 717; x_wconf 79' lang='lat' dir='ltr'>sanctorum?</span> 
     </span>
    </p>

    <p class='ocr_par' dir='ltr' id='par_1_3' title="bbox 86 735 1311 1170">
     <span class='ocr_line' id='line_1_5' title="bbox 86 735 1311 825; baseline -0.003 -20"><span class='ocrx_word' id='word_1_31' title='bbox 86 818 90 825; x_wconf 29' lang='grc' dir='ltr'>Ι</span> <span class='ocrx_word' id='word_1_32' title='bbox 152 743 306 807; x_wconf 83' lang='lat' dir='ltr'>Finitimis</span> <span class='ocrx_word' id='word_1_33' title='bbox 319 742 465 806; x_wconf 79' lang='lat' dir='ltr'>Genesae</span> <span class='ocrx_word' id='word_1_34' title='bbox 490 742 621 822; x_wconf 76' lang='lat' dir='ltr'>populis</span> <span class='ocrx_word' id='word_1_35' title='bbox 645 741 772 806; x_wconf 89' lang='lat' dir='ltr'>haeresi</span> <span class='ocrx_word' id='word_1_36' title='bbox 786 741 963 805; x_wconf 78' lang='lat' dir='ltr'>calviniana</span> <span class='ocrx_word' id='word_1_37' title='bbox 985 739 1119 811; x_wconf 89' lang='lat' dir='ltr'>infectis,</span> <span class='ocrx_word' id='word_1_38' title='bbox 1146 756 1217 804; x_wconf 86' lang='lat' dir='ltr'>sese</span> <span class='ocrx_word' id='word_1_39' title='bbox 1240 735 1311 802; x_wconf 87' lang='lat' dir='ltr'>fidei</span> 
     </span>
     <span class='ocr_line' id='line_1_6' title="bbox 152 827 1311 910; baseline -0.003 -18"><span class='ocrx_word' id='word_1_40' title='bbox 152 847 338 910; x_wconf 86' lang='lat' dir='ltr'>praeconem</span> <span class='ocrx_word' id='word_1_41' title='bbox 361 829 519 906; x_wconf 85' lang='lat' dir='ltr'>exbibens,</span> <span class='ocrx_word' id='word_1_42' title='bbox 552 829 752 908; x_wconf 90' lang='lat' dir='ltr'>quantumvis</span> <span class='ocrx_word' id='word_1_43' title='bbox 783 829 824 892; x_wconf 94' lang='lat' dir='ltr'>ad</span> <span class='ocrx_word' id='word_1_44' title='bbox 847 847 954 892; x_wconf 83' lang='lat' dir='ltr'>necem</span> <span class='ocrx_word' id='word_1_45' title='bbox 986 829 1027 891; x_wconf 92' lang='lat' dir='ltr'>ab</span> <span class='ocrx_word' id='word_1_46' title='bbox 1051 827 1217 892; x_wconf 84' lang='lat' dir='ltr'>haereticis</span> <span class='ocrx_word' id='word_1_47' title='bbox 1242 843 1311 891; x_wconf 92' lang='lat' dir='ltr'>con-</span> 
     </span>
     <span class='ocr_line' id='line_1_7' title="bbox 151 913 1311 997; baseline -0.004 -16"><span class='ocrx_word' id='word_1_48' title='bbox 151 918 294 997; x_wconf 87' lang='lat' dir='ltr'>quisitus,</span> <span class='ocrx_word' id='word_1_49' title='bbox 328 917 497 980; x_wconf 80' lang='lat' dir='ltr'>sanctitate</span> <span class='ocrx_word' id='word_1_50' title='bbox 520 916 605 979; x_wconf 91' lang='lat' dir='ltr'>vitae</span> <span class='ocrx_word' id='word_1_51' title='bbox 628 920 660 979; x_wconf 89' lang='lat' dir='ltr'>et</span> <span class='ocrx_word' id='word_1_52' title='bbox 690 916 833 979; x_wconf 90' lang='lat' dir='ltr'>doctrina</span> <span class='ocrx_word' id='word_1_53' title='bbox 857 915 1060 996; x_wconf 85' lang='lat' dir='ltr'>septuaginta</span> <span class='ocrx_word' id='word_1_54' title='bbox 1083 915 1145 978; x_wconf 94' lang='lat' dir='ltr'>duo</span> <span class='ocrx_word' id='word_1_55' title='bbox 1169 913 1270 977; x_wconf 90' lang='lat' dir='ltr'>millia</span> <span class='ocrx_word' id='word_1_56' title='bbox 1292 931 1311 976; x_wconf 91' lang='lat' dir='ltr'>a</span> 
     </span>
     <span class='ocr_line' id='line_1_8' title="bbox 152 999 1310 1082; baseline -0.004 -15"><span class='ocrx_word' id='word_1_57' title='bbox 152 1004 202 1067; x_wconf 87' lang='lat' dir='ltr'>via</span> <span class='ocrx_word' id='word_1_58' title='bbox 224 1004 367 1067; x_wconf 88' lang='lat' dir='ltr'>veritatis</span> <span class='ocrx_word' id='word_1_59' title='bbox 390 1004 564 1066; x_wconf 87' lang='lat' dir='ltr'>errantium</span> <span class='ocrx_word' id='word_1_60' title='bbox 593 1003 634 1067; x_wconf 91' lang='lat' dir='ltr'>ad</span> <span class='ocrx_word' id='word_1_61' title='bbox 657 1001 820 1067; x_wconf 86' lang='lat' dir='ltr'>Ecclesiae</span> <span class='ocrx_word' id='word_1_62' title='bbox 843 1004 997 1082; x_wconf 85' lang='lat' dir='ltr'>gremium</span> <span class='ocrx_word' id='word_1_63' title='bbox 1020 1001 1195 1077; x_wconf 81' lang='lat' dir='ltr'>revocavit3</span> <span class='ocrx_word' id='word_1_64' title='bbox 1235 999 1310 1080; x_wconf 90' lang='lat' dir='ltr'>,ipsi</span> 
     </span>
     <span class='ocr_line' id='line_1_9' title="bbox 152 1088 1106 1170; baseline -0.001 -17"><span class='ocrx_word' id='word_1_65' title='bbox 152 1092 298 1155; x_wconf 86' lang='lat' dir='ltr'>viderunt</span> <span class='ocrx_word' id='word_1_66' title='bbox 321 1088 455 1170; x_wconf 83' lang='lat' dir='ltr'>gloriam</span> <span class='ocrx_word' id='word_1_67' title='bbox 478 1090 602 1154; x_wconf 87' lang='lat' dir='ltr'>Domini</span> <span class='ocrx_word' id='word_1_68' title='bbox 625 1096 659 1152; x_wconf 90' lang='lat' dir='ltr'>et</span> <span class='ocrx_word' id='word_1_69' title='bbox 682 1090 824 1154; x_wconf 87' lang='lat' dir='ltr'>decorem</span> <span class='ocrx_word' id='word_1_70' title='bbox 849 1089 908 1152; x_wconf 92' lang='lat' dir='ltr'>Dei</span> <span class='ocrx_word' id='word_1_71' title='bbox 930 1090 1058 1153; x_wconf 82' lang='lat' dir='ltr'>nostri.“</span> <span class='ocrx_word' id='word_1_72' title='bbox 1078 1091 1106 1168; x_wconf 73' lang='grc'>2)</span> 
     </span>
    </p>
   </div>
   <div class='ocr_carea' id='block_1_3' title="bbox 148 1191 1350 2147">
    <p class='ocr_par' dir='ltr' id='par_1_4' title="bbox 148 1191 1350 1710">
     <span class='ocr_line' id='line_1_10' title="bbox 259 1191 1350 1276; baseline 0 -19"><span class='ocrx_word' id='word_1_73' title='bbox 259 1194 346 1272; x_wconf 88' lang='lat' dir='ltr'>Dein,</span> <span class='ocrx_word' id='word_1_74' title='bbox 380 1195 482 1258; x_wconf 90' lang='lat' dir='ltr'>adhuc</span> <span class='ocrx_word' id='word_1_75' title='bbox 504 1195 620 1272; x_wconf 87' lang='lat' dir='ltr'>vivens,</span> <span class='ocrx_word' id='word_1_76' title='bbox 654 1212 716 1258; x_wconf 94' lang='lat' dir='ltr'>non</span> <span class='ocrx_word' id='word_1_77' title='bbox 739 1195 820 1259; x_wconf 89' lang='lat' dir='ltr'>raris</span> <span class='ocrx_word' id='word_1_78' title='bbox 840 1195 906 1276; x_wconf 88' lang='lat' dir='ltr'>jam</span> <span class='ocrx_word' id='word_1_79' title='bbox 931 1195 1104 1258; x_wconf 87' lang='lat' dir='ltr'>clarescere</span> <span class='ocrx_word' id='word_1_80' title='bbox 1128 1193 1235 1271; x_wconf 90' lang='lat' dir='ltr'>coepit</span> <span class='ocrx_word' id='word_1_81' title='bbox 1257 1191 1350 1270; x_wconf 71' lang='lat' dir='ltr'>mi·0</span> 
     </span>
     <span class='ocr_line' id='line_1_11' title="bbox 148 1277 1312 1362; baseline -0.003 -17"><span class='ocrx_word' id='word_1_82' title='bbox 148 1281 279 1360; x_wconf 82' lang='lat' dir='ltr'>reculis,</span> <span class='ocrx_word' id='word_1_83' title='bbox 312 1298 391 1361; x_wconf 92' lang='lat' dir='ltr'>quae</span> <span class='ocrx_word' id='word_1_84' title='bbox 414 1287 487 1362; x_wconf 89' lang='lat' dir='ltr'>post</span> <span class='ocrx_word' id='word_1_85' title='bbox 510 1281 593 1346; x_wconf 90' lang='lat' dir='ltr'>illius</span> <span class='ocrx_word' id='word_1_86' title='bbox 616 1289 749 1345; x_wconf 90' lang='lat' dir='ltr'>mortem</span> <span class='ocrx_word' id='word_1_87' title='bbox 772 1288 822 1346; x_wconf 90' lang='lat' dir='ltr'>tot</span> <span class='ocrx_word' id='word_1_88' title='bbox 844 1300 916 1345; x_wconf 90' lang='lat' dir='ltr'>mox</span> <span class='ocrx_word' id='word_1_89' title='bbox 938 1289 972 1345; x_wconf 91' lang='lat' dir='ltr'>et</span> <span class='ocrx_word' id='word_1_90' title='bbox 994 1285 1084 1344; x_wconf 91' lang='lat' dir='ltr'>tanta</span> <span class='ocrx_word' id='word_1_91' title='bbox 1106 1277 1247 1358; x_wconf 80' lang='lat' dir='ltr'>fuerunt,</span> <span class='ocrx_word' id='word_1_92' title='bbox 1278 1285 1312 1343; x_wconf 92' lang='lat' dir='ltr'>ut</span> 
     </span>
     <span class='ocr_line' id='line_1_12' title="bbox 155 1365 1311 1450; baseline -0.002 -18"><span class='ocrx_word' id='word_1_93' title='bbox 155 1367 341 1450; x_wconf 85' lang='lat' dir='ltr'>Apostolicis</span> <span class='ocrx_word' id='word_1_94' title='bbox 375 1369 469 1432; x_wconf 90' lang='lat' dir='ltr'>etiam</span> <span class='ocrx_word' id='word_1_95' title='bbox 497 1368 619 1447; x_wconf 87' lang='lat' dir='ltr'>legibus</span> <span class='ocrx_word' id='word_1_96' title='bbox 643 1369 809 1449; x_wconf 84' lang='lat' dir='ltr'>derogans,</span> <span class='ocrx_word' id='word_1_97' title='bbox 845 1387 906 1448; x_wconf 90' lang='lat' dir='ltr'>quo</span> <span class='ocrx_word' id='word_1_98' title='bbox 930 1368 1023 1432; x_wconf 91' lang='lat' dir='ltr'>citius</span> <span class='ocrx_word' id='word_1_99' title='bbox 1046 1365 1209 1431; x_wconf 84' lang='lat' dir='ltr'>Ecclesiae</span> <span class='ocrx_word' id='word_1_100' title='bbox 1232 1367 1311 1431; x_wconf 86' lang='lat' dir='ltr'>votis</span> 
     </span>
     <span class='ocr_line' id='line_1_13' title="bbox 154 1452 1313 1536; baseline -0.003 -17"><span class='ocrx_word' id='word_1_101' title='bbox 154 1463 188 1520; x_wconf 89' lang='lat' dir='ltr'>et</span> <span class='ocrx_word' id='word_1_102' title='bbox 216 1455 284 1535; x_wconf 85' lang='lat' dir='ltr'>ejus</span> <span class='ocrx_word' id='word_1_103' title='bbox 316 1457 414 1519; x_wconf 90' lang='lat' dir='ltr'>sancti</span> <span class='ocrx_word' id='word_1_104' title='bbox 446 1456 565 1536; x_wconf 90' lang='lat' dir='ltr'>gloriae</span> <span class='ocrx_word' id='word_1_105' title='bbox 596 1454 775 1536; x_wconf 86' lang='lat' dir='ltr'>satisfieret,</span> <span class='ocrx_word' id='word_1_106' title='bbox 810 1455 909 1519; x_wconf 88' lang='lat' dir='ltr'>felicis</span> <span class='ocrx_word' id='word_1_107' title='bbox 940 1454 1109 1517; x_wconf 91' lang='lat' dir='ltr'>memoriae</span> <span class='ocrx_word' id='word_1_108' title='bbox 1133 1452 1313 1518; x_wconf 83' lang='lat' dir='ltr'>Alexander</span> 
     </span>
     <span class='ocr_line' id='line_1_14' title="bbox 152 1541 1312 1608; baseline -0.002 -3"><span class='ocrx_word' id='word_1_109' title='bbox 152 1543 221 1608; x_wconf 88' lang='lat' dir='ltr'>VII.</span> <span class='ocrx_word' id='word_1_110' title='bbox 245 1541 403 1605; x_wconf 83' lang='lat' dir='ltr'>Francisci</span> <span class='ocrx_word' id='word_1_111' title='bbox 435 1541 546 1606; x_wconf 91' lang='lat' dir='ltr'>Salesii</span> <span class='ocrx_word' id='word_1_112' title='bbox 578 1559 691 1606; x_wconf 92' lang='lat' dir='ltr'>nomen</span> <span class='ocrx_word' id='word_1_113' title='bbox 722 1543 754 1605; x_wconf 90' lang='lat' dir='ltr'>in</span> <span class='ocrx_word' id='word_1_114' title='bbox 783 1543 923 1605; x_wconf 87' lang='lat' dir='ltr'>divorum</span> <span class='ocrx_word' id='word_1_115' title='bbox 952 1541 1024 1606; x_wconf 89' lang='lat' dir='ltr'>albo</span> <span class='ocrx_word' id='word_1_116' title='bbox 1053 1541 1239 1605; x_wconf 87' lang='lat' dir='ltr'>solemniter</span> <span class='ocrx_word' id='word_1_117' title='bbox 1265 1541 1312 1604; x_wconf 92' lang='lat' dir='ltr'>io-</span> 
     </span>
     <span class='ocr_line' id='line_1_15' title="bbox 152 1630 322 1710; baseline 0.006 -16"><span class='ocrx_word' id='word_1_118' title='bbox 152 1630 322 1710; x_wconf 89' lang='lat' dir='ltr'>scripserit.</span> 
     </span>
    </p>

    <p class='ocr_par' dir='ltr' id='par_1_5' title="bbox 152 1714 1312 2147">
     <span class='ocr_line' id='line_1_16' title="bbox 259 1714 1312 1796; baseline -0.002 -16"><span class='ocrx_word' id='word_1_119' title='bbox 259 1716 324 1780; x_wconf 85' lang='lat' dir='ltr'>Nec</span> <span class='ocrx_word' id='word_1_120' title='bbox 338 1717 441 1779; x_wconf 91' lang='lat' dir='ltr'>minus</span> <span class='ocrx_word' id='word_1_121' title='bbox 464 1717 596 1779; x_wconf 88' lang='lat' dir='ltr'>scientia</span> <span class='ocrx_word' id='word_1_122' title='bbox 611 1722 644 1780; x_wconf 93' lang='lat' dir='ltr'>et</span> <span class='ocrx_word' id='word_1_123' title='bbox 667 1717 811 1780; x_wconf 89' lang='lat' dir='ltr'>doctrina</span> <span class='ocrx_word' id='word_1_124' title='bbox 826 1735 921 1796; x_wconf 86' lang='lat' dir='ltr'>quarn</span> <span class='ocrx_word' id='word_1_125' title='bbox 944 1717 1028 1781; x_wconf 90' lang='lat' dir='ltr'>vitae</span> <span class='ocrx_word' id='word_1_126' title='bbox 1044 1714 1219 1778; x_wconf 89' lang='lat' dir='ltr'>sanctitate</span> <span class='ocrx_word' id='word_1_127' title='bbox 1242 1731 1312 1778; x_wconf 83' lang='lat' dir='ltr'>sesa</span> 
     </span>
     <span class='ocr_line' id='line_1_17' title="bbox 152 1801 1311 1883; baseline -0.003 -16"><span class='ocrx_word' id='word_1_128' title='bbox 152 1803 331 1882; x_wconf 85' lang='lat' dir='ltr'>informans,</span> <span class='ocrx_word' id='word_1_129' title='bbox 359 1803 527 1883; x_wconf 91' lang='lat' dir='ltr'>,quidquid</span> <span class='ocrx_word' id='word_1_130' title='bbox 550 1805 699 1883; x_wconf 90' lang='lat' dir='ltr'>temporis</span> <span class='ocrx_word' id='word_1_131' title='bbox 722 1804 762 1868; x_wconf 93' lang='lat' dir='ltr'>ab</span> <span class='ocrx_word' id='word_1_132' title='bbox 785 1805 888 1868; x_wconf 92' lang='lat' dir='ltr'>studio</span> <span class='ocrx_word' id='word_1_133' title='bbox 911 1803 1044 1867; x_wconf 91' lang='lat' dir='ltr'>liberum</span> <span class='ocrx_word' id='word_1_134' title='bbox 1060 1801 1118 1866; x_wconf 92' lang='lat' dir='ltr'>sibi</span> <span class='ocrx_word' id='word_1_135' title='bbox 1134 1807 1311 1882; x_wconf 83' lang='lat' dir='ltr'>supererat,</span> 
     </span>
     <span class='ocr_line' id='line_1_18' title="bbox 152 1889 1310 1971; baseline -0.003 -17"><span class='ocrx_word' id='word_1_136' title='bbox 152 1893 185 1954; x_wconf 91' lang='lat' dir='ltr'>in</span> <span class='ocrx_word' id='word_1_137' title='bbox 215 1891 352 1971; x_wconf 89' lang='lat' dir='ltr'>prolixas</span> <span class='ocrx_word' id='word_1_138' title='bbox 386 1907 495 1970; x_wconf 89' lang='lat' dir='ltr'>preces</span> <span class='ocrx_word' id='word_1_139' title='bbox 528 1890 806 1970; x_wconf 78' lang='lat' dir='ltr'>transferebat“.³)</span> <span class='ocrx_word' id='word_1_140' title='bbox 866 1891 932 1969; x_wconf 87' lang='lat' dir='ltr'>,Ex</span> <span class='ocrx_word' id='word_1_141' title='bbox 961 1899 1032 1970; x_wconf 90' lang='lat' dir='ltr'>quo,</span> <span class='ocrx_word' id='word_1_142' title='bbox 1067 1890 1107 1952; x_wconf 91' lang='lat' dir='ltr'>ad</span> <span class='ocrx_word' id='word_1_143' title='bbox 1142 1889 1310 1952; x_wconf 84' lang='lat' dir='ltr'>maximam</span> 
     </span>
     <span class='ocr_line' id='line_1_19' title="bbox 152 1975 1310 2058; baseline -0.003 -16"><span class='ocrx_word' id='word_1_144' title='bbox 152 1979 325 2043; x_wconf 88' lang='lat' dir='ltr'>errantium</span> <span class='ocrx_word' id='word_1_145' title='bbox 341 1978 520 2054; x_wconf 84' lang='lat' dir='ltr'>utilitatem,</span> <span class='ocrx_word' id='word_1_146' title='bbox 547 1979 648 2058; x_wconf 89' lang='lat' dir='ltr'>coepit</span> <span class='ocrx_word' id='word_1_147' title='bbox 663 1997 700 2041; x_wconf 89' lang='lat' dir='ltr'>ex</span> <span class='ocrx_word' id='word_1_148' title='bbox 723 1979 849 2058; x_wconf 90' lang='lat' dir='ltr'>scripto,</span> <span class='ocrx_word' id='word_1_149' title='bbox 873 1977 1014 2058; x_wconf 90' lang='lat' dir='ltr'>pluribus</span> <span class='ocrx_word' id='word_1_150' title='bbox 1031 1975 1181 2041; x_wconf 87' lang='lat' dir='ltr'>conlectis</span> <span class='ocrx_word' id='word_1_151' title='bbox 1197 1975 1310 2040; x_wconf 89' lang='lat' dir='ltr'>libellis</span> 
     </span>
     <span class='ocr_line' id='line_1_20' title="bbox 153 2064 1113 2147; baseline 0 -18"><span class='ocrx_word' id='word_1_152' title='bbox 153 2065 371 2147; x_wconf 89' lang='lat' dir='ltr'>evulgatisque</span> <span class='ocrx_word' id='word_1_153' title='bbox 393 2065 535 2129; x_wconf 88' lang='lat' dir='ltr'>thesibus</span> <span class='ocrx_word' id='word_1_154' title='bbox 558 2066 667 2129; x_wconf 91' lang='lat' dir='ltr'>intime</span> <span class='ocrx_word' id='word_1_155' title='bbox 690 2065 846 2128; x_wconf 89' lang='lat' dir='ltr'>haeresim</span> <span class='ocrx_word' id='word_1_156' title='bbox 869 2064 1070 2146; x_wconf 88' lang='lat' dir='ltr'>percellere.“</span> <span class='ocrx_word' id='word_1_157' title='bbox 1087 2067 1113 2141; x_wconf 80' lang='lat'>4)</span> 
     </span>
    </p>
   </div>
   <div class='ocr_carea' id='block_1_4' title="bbox 141 2168 1342 3383">
    <p class='ocr_par' dir='ltr' id='par_1_6' title="bbox 151 2168 1312 2426">
     <span class='ocr_line' id='line_1_21' title="bbox 256 2168 1312 2249; baseline 0.002 -17"><span class='ocrx_word' id='word_1_158' title='bbox 256 2169 333 2233; x_wconf 88' lang='lat' dir='ltr'>Post</span> <span class='ocrx_word' id='word_1_159' title='bbox 355 2171 585 2233; x_wconf 88' lang='lat' dir='ltr'>exactissimam</span> <span class='ocrx_word' id='word_1_160' title='bbox 614 2170 762 2233; x_wconf 87' lang='lat' dir='ltr'>horumce</span> <span class='ocrx_word' id='word_1_161' title='bbox 784 2168 897 2234; x_wconf 89' lang='lat' dir='ltr'>Salcsii</span> <span class='ocrx_word' id='word_1_162' title='bbox 919 2171 1115 2249; x_wconf 90' lang='lat' dir='ltr'>scriptorum,</span> <span class='ocrx_word' id='word_1_163' title='bbox 1152 2175 1223 2233; x_wconf 89' lang='lat' dir='ltr'>tum</span> <span class='ocrx_word' id='word_1_164' title='bbox 1245 2168 1312 2234; x_wconf 88' lang='lat' dir='ltr'>edi·</span> 
     </span>
     <span class='ocr_line' id='line_1_22' title="bbox 152 2255 1310 2338; baseline -0.001 -18"><span class='ocrx_word' id='word_1_165' title='bbox 152 2261 257 2320; x_wconf 92' lang='lat' dir='ltr'>torum</span> <span class='ocrx_word' id='word_1_166' title='bbox 281 2263 349 2319; x_wconf 92' lang='lat' dir='ltr'>tum</span> <span class='ocrx_word' id='word_1_167' title='bbox 377 2259 439 2318; x_wconf 87' lang='lat' dir='ltr'>non</span> <span class='ocrx_word' id='word_1_168' title='bbox 469 2257 623 2320; x_wconf 91' lang='lat' dir='ltr'>editorum</span> <span class='ocrx_word' id='word_1_169' title='bbox 654 2256 887 2336; x_wconf 87' lang='lat' dir='ltr'>discussionem,</span> <span class='ocrx_word' id='word_1_170' title='bbox 922 2256 953 2324; x_wconf 94' lang='lat' dir='ltr'>S.</span> <span class='ocrx_word' id='word_1_171' title='bbox 978 2255 1190 2338; x_wconf 85' lang='lat' dir='ltr'>Congregatio</span> <span class='ocrx_word' id='word_1_172' title='bbox 1215 2256 1310 2320; x_wconf 90' lang='lat' dir='ltr'>adrni-</span> 
     </span>
     <span class='ocr_line' id='line_1_23' title="bbox 151 2342 498 2426; baseline 0 -20"><span class='ocrx_word' id='word_1_173' title='bbox 151 2361 225 2408; x_wconf 89' lang='lat' dir='ltr'>rans</span> <span class='ocrx_word' id='word_1_174' title='bbox 250 2362 288 2408; x_wconf 89' lang='lat' dir='ltr'>ea</span> <span class='ocrx_word' id='word_1_175' title='bbox 310 2342 464 2422; x_wconf 89' lang='lat' dir='ltr'>probavit.</span> <span class='ocrx_word' id='word_1_176' title='bbox 473 2344 498 2426; x_wconf 84' lang='lat'>⁵)</span> 
     </span>
    </p>

    <p class='ocr_par' dir='ltr' id='par_1_7' title="bbox 141 2430 1342 3383">
     <span class='ocr_line' id='line_1_24' title="bbox 259 2430 1307 2512; baseline -0.001 -17"><span class='ocrx_word' id='word_1_177' title='bbox 259 2430 410 2512; x_wconf 88' lang='lat' dir='ltr'>Spectant</span> <span class='ocrx_word' id='word_1_178' title='bbox 434 2432 540 2494; x_wconf 90' lang='lat' dir='ltr'>autem</span> <span class='ocrx_word' id='word_1_179' title='bbox 555 2431 618 2495; x_wconf 90' lang='lat' dir='ltr'>alia</span> <span class='ocrx_word' id='word_1_180' title='bbox 640 2431 681 2494; x_wconf 89' lang='lat' dir='ltr'>ad</span> <span class='ocrx_word' id='word_1_181' title='bbox 700 2430 892 2512; x_wconf 87' lang='lat' dir='ltr'>theologiam</span> <span class='ocrx_word' id='word_1_182' title='bbox 908 2437 975 2495; x_wconf 92' lang='lat' dir='ltr'>tum</span> <span class='ocrx_word' id='word_1_183' title='bbox 999 2430 1220 2512; x_wconf 86' lang='lat' dir='ltr'>dogmaticam,</span> <span class='ocrx_word' id='word_1_184' title='bbox 1244 2437 1307 2495; x_wconf 86' lang='lat' dir='ltr'>tum</span> 
     </span>
     <span class='ocr_line' id='line_1_25' title="bbox 153 2516 1308 2599; baseline 0 -18"><span class='ocrx_word' id='word_1_185' title='bbox 153 2516 391 2599; x_wconf 86' lang='lat' dir='ltr'>apologeticam,</span> <span class='ocrx_word' id='word_1_186' title='bbox 414 2523 482 2581; x_wconf 92' lang='lat' dir='ltr'>tum</span> <span class='ocrx_word' id='word_1_187' title='bbox 506 2520 684 2596; x_wconf 79' lang='lat' dir='ltr'>asceticam</span> <span class='ocrx_word' id='word_1_188' title='bbox 718 2518 780 2581; x_wconf 89' lang='lat' dir='ltr'>alia</span> <span class='ocrx_word' id='word_1_189' title='bbox 802 2519 843 2582; x_wconf 93' lang='lat' dir='ltr'>ad</span> <span class='ocrx_word' id='word_1_190' title='bbox 867 2535 971 2582; x_wconf 90' lang='lat' dir='ltr'>mores</span> <span class='ocrx_word' id='word_1_191' title='bbox 994 2524 1026 2582; x_wconf 88' lang='lat' dir='ltr'>ct</span> <span class='ocrx_word' id='word_1_192' title='bbox 1048 2518 1089 2582; x_wconf 88' lang='lat' dir='ltr'>ad</span> <span class='ocrx_word' id='word_1_193' title='bbox 1112 2517 1308 2599; x_wconf 87' lang='lat' dir='ltr'>disciplinam</span> 
     </span>
     <span class='ocr_line' id='line_1_26' title="bbox 152 2604 1308 2686; baseline 0 -18"><span class='ocrx_word' id='word_1_194' title='bbox 152 2610 185 2669; x_wconf 90' lang='lat' dir='ltr'>et</span> <span class='ocrx_word' id='word_1_195' title='bbox 206 2605 239 2668; x_wconf 95' lang='lat' dir='ltr'>in</span> <span class='ocrx_word' id='word_1_196' title='bbox 253 2623 290 2669; x_wconf 90' lang='lat' dir='ltr'>eo</span> <span class='ocrx_word' id='word_1_197' title='bbox 312 2605 498 2685; x_wconf 90' lang='lat' dir='ltr'>prodierunt</span> <span class='ocrx_word' id='word_1_198' title='bbox 513 2606 622 2670; x_wconf 92' lang='lat' dir='ltr'>ordine</span> <span class='ocrx_word' id='word_1_199' title='bbox 644 2624 737 2685; x_wconf 91' lang='lat' dir='ltr'>quem</span> <span class='ocrx_word' id='word_1_200' title='bbox 753 2605 995 2686; x_wconf 83' lang='lat' dir='ltr'>expostulabant</span> <span class='ocrx_word' id='word_1_201' title='bbox 1011 2612 1136 2685; x_wconf 90' lang='lat' dir='ltr'>tempus</span> <span class='ocrx_word' id='word_1_202' title='bbox 1152 2612 1185 2669; x_wconf 89' lang='lat' dir='ltr'>et</span> <span class='ocrx_word' id='word_1_203' title='bbox 1201 2604 1308 2670; x_wconf 87' lang='lat' dir='ltr'>Eccle-</span> 
     </span>
     <span class='ocr_line' id='line_1_27' title="bbox 152 2691 1310 2772; baseline 0 -17"><span class='ocrx_word' id='word_1_204' title='bbox 152 2692 217 2755; x_wconf 88' lang='lat' dir='ltr'>siae</span> <span class='ocrx_word' id='word_1_205' title='bbox 239 2693 451 2756; x_wconf 84' lang='lat' dir='ltr'>necessitates</span> <span class='ocrx_word' id='word_1_206' title='bbox 486 2692 618 2772; x_wconf 86' lang='lat' dir='ltr'>Scripsit</span> <span class='ocrx_word' id='word_1_207' title='bbox 642 2693 680 2756; x_wconf 95' lang='lat' dir='ltr'>de</span> <span class='ocrx_word' id='word_1_208' title='bbox 697 2693 786 2756; x_wconf 90' lang='lat' dir='ltr'>Notis</span> <span class='ocrx_word' id='word_1_209' title='bbox 802 2691 975 2772; x_wconf 89' lang='lat' dir='ltr'>Ecclesiae,</span> <span class='ocrx_word' id='word_1_210' title='bbox 1000 2693 1039 2757; x_wconf 92' lang='lat' dir='ltr'>de</span> <span class='ocrx_word' id='word_1_211' title='bbox 1054 2691 1198 2756; x_wconf 88' lang='lat' dir='ltr'>Primatu</span> <span class='ocrx_word' id='word_1_212' title='bbox 1214 2691 1310 2769; x_wconf 88' lang='lat' dir='ltr'>Petri,</span> 
     </span>
     <span class='ocr_line' id='line_1_28' title="bbox 154 2777 1342 2857; baseline -0.004 -15"><span class='ocrx_word' id='word_1_213' title='bbox 154 2778 192 2841; x_wconf 91' lang='lat' dir='ltr'>de</span> <span class='ocrx_word' id='word_1_214' title='bbox 215 2777 351 2842; x_wconf 88' lang='lat' dir='ltr'>Sanctae</span> <span class='ocrx_word' id='word_1_215' title='bbox 373 2778 534 2843; x_wconf 88' lang='lat' dir='ltr'>Romanae</span> <span class='ocrx_word' id='word_1_216' title='bbox 556 2779 717 2844; x_wconf 86' lang='lat' dir='ltr'>Ecclesiae</span> <span class='ocrx_word' id='word_1_217' title='bbox 739 2779 960 2857; x_wconf 89' lang='lat' dir='ltr'>Sacramentis,</span> <span class='ocrx_word' id='word_1_218' title='bbox 993 2781 1032 2843; x_wconf 92' lang='lat' dir='ltr'>de</span> <span class='ocrx_word' id='word_1_219' title='bbox 1054 2778 1178 2844; x_wconf 90' lang='lat' dir='ltr'>Unione</span> <span class='ocrx_word' id='word_1_220' title='bbox 1201 2779 1311 2844; x_wconf 84' lang='lat' dir='ltr'>haere·</span> <span class='ocrx_word' id='word_1_221' title='bbox 1337 2833 1342 2837; x_wconf 84' lang='lat'>.</span> 
     </span>
     <span class='ocr_line' id='line_1_29' title="bbox 153 2865 1308 2951; baseline 0.002 -23"><span class='ocrx_word' id='word_1_222' title='bbox 153 2866 286 2929; x_wconf 90' lang='lat' dir='ltr'>ticorum</span> <span class='ocrx_word' id='word_1_223' title='bbox 308 2884 378 2929; x_wconf 91' lang='lat' dir='ltr'>cum</span> <span class='ocrx_word' id='word_1_224' title='bbox 402 2865 545 2930; x_wconf 85' lang='lat' dir='ltr'>Ecclesia</span> <span class='ocrx_word' id='word_1_225' title='bbox 567 2867 718 2930; x_wconf 89' lang='lat' dir='ltr'>Romana.</span> <span class='ocrx_word' id='word_1_226' title='bbox 768 2867 937 2951; x_wconf 89' lang='lat' dir='ltr'>,Viretum</span> <span class='ocrx_word' id='word_1_227' title='bbox 959 2867 991 2930; x_wconf 93' lang='lat' dir='ltr'>in</span> <span class='ocrx_word' id='word_1_228' title='bbox 1013 2865 1239 2932; x_wconf 86' lang='lat' dir='ltr'>Eucharistiae</span> <span class='ocrx_word' id='word_1_229' title='bbox 1262 2883 1308 2930; x_wconf 91' lang='lat' dir='ltr'>sa·</span> 
     </span>
     <span class='ocr_line' id='line_1_30' title="bbox 153 2952 1306 3035; baseline 0 -21"><span class='ocrx_word' id='word_1_230' title='bbox 153 2959 347 3016; x_wconf 83' lang='lat' dir='ltr'>aramentum</span> <span class='ocrx_word' id='word_1_231' title='bbox 370 2953 463 3032; x_wconf 89' lang='lat' dir='ltr'>impie</span> <span class='ocrx_word' id='word_1_232' title='bbox 486 2953 711 3018; x_wconf 88' lang='lat' dir='ltr'>debachantem</span> <span class='ocrx_word' id='word_1_233' title='bbox 735 2952 910 3018; x_wconf 88' lang='lat' dir='ltr'>confutavit</span> <span class='ocrx_word' id='word_1_234' title='bbox 925 2953 1084 3035; x_wconf 91' lang='lat' dir='ltr'>opusculo,</span> <span class='ocrx_word' id='word_1_235' title='bbox 1109 2953 1160 3017; x_wconf 92' lang='lat' dir='ltr'>cui</span> <span class='ocrx_word' id='word_1_236' title='bbox 1182 2953 1306 3018; x_wconf 89' lang='lat' dir='ltr'>titulus:</span> 
     </span>
     <span class='ocr_line' id='line_1_31' title="bbox 141 3038 1310 3124; baseline 0.002 -23"><span class='ocrx_word' id='word_1_237' title='bbox 141 3038 380 3104; x_wconf 76' lang='lat' dir='ltr'>&#39;Meditotioaes</span> <span class='ocrx_word' id='word_1_238' title='bbox 401 3041 436 3103; x_wconf 82' lang='lat' dir='ltr'>c&#39;o</span> <span class='ocrx_word' id='word_1_239' title='bbox 459 3039 636 3122; x_wconf 73' lang='lat' dir='ltr'>Symbolum</span> <span class='ocrx_word' id='word_1_240' title='bbox 654 3040 887 3119; x_wconf 79' lang='lat' dir='ltr'>Apostolorum.</span> <span class='ocrx_word' id='word_1_241' title='bbox 922 3040 1072 3124; x_wconf 88' lang='lat' dir='ltr'>Ejusdem</span> <span class='ocrx_word' id='word_1_242' title='bbox 1096 3039 1310 3122; x_wconf 84' lang='lat' dir='ltr'>blasphemias</span> 
     </span>
     <span class='ocr_line' id='line_1_32' title="bbox 153 3125 1308 3209; baseline 0.002 -20"><span class='ocrx_word' id='word_1_243' title='bbox 153 3125 250 3190; x_wconf 87' lang='lat' dir='ltr'>Bmae</span> <span class='ocrx_word' id='word_1_244' title='bbox 276 3126 415 3207; x_wconf 85' lang='lat' dir='ltr'>Virginis</span> <span class='ocrx_word' id='word_1_245' title='bbox 447 3128 617 3209; x_wconf 88' lang='lat' dir='ltr'>puritatem</span> <span class='ocrx_word' id='word_1_246' title='bbox 651 3133 842 3192; x_wconf 86' lang='lat' dir='ltr'>temerantes</span> <span class='ocrx_word' id='word_1_247' title='bbox 873 3134 940 3192; x_wconf 92' lang='lat' dir='ltr'>tum</span> <span class='ocrx_word' id='word_1_248' title='bbox 972 3145 1026 3192; x_wconf 90' lang='lat' dir='ltr'>ore</span> <span class='ocrx_word' id='word_1_249' title='bbox 1056 3129 1211 3208; x_wconf 87' lang='lat' dir='ltr'>repressit</span> <span class='ocrx_word' id='word_1_250' title='bbox 1243 3135 1308 3191; x_wconf 89' lang='lat' dir='ltr'>tum</span> 
     </span>
     <span class='ocr_line' id='line_1_33' title="bbox 154 3212 1310 3300; baseline 0.001 -25"><span class='ocrx_word' id='word_1_251' title='bbox 154 3212 293 3277; x_wconf 86' lang='lat' dir='ltr'>calamo“</span> <span class='ocrx_word' id='word_1_252' title='bbox 307 3215 346 3293; x_wconf 77' lang='lat'>⁶).</span> <span class='ocrx_word' id='word_1_253' title='bbox 384 3213 503 3279; x_wconf 85' lang='lat' dir='ltr'>Contra</span> <span class='ocrx_word' id='word_1_254' title='bbox 525 3218 749 3296; x_wconf 84' lang='lat' dir='ltr'>protestantes,</span> <span class='ocrx_word' id='word_1_255' title='bbox 773 3213 804 3279; x_wconf 87' lang='lat' dir='ltr'>S.</span> <span class='ocrx_word' id='word_1_256' title='bbox 829 3213 937 3279; x_wconf 83' lang='lat' dir='ltr'>Crucis</span> <span class='ocrx_word' id='word_1_257' title='bbox 959 3214 1097 3279; x_wconf 90' lang='lat' dir='ltr'>latriam</span> <span class='ocrx_word' id='word_1_258' title='bbox 1112 3214 1310 3300; x_wconf 82' lang='lat' dir='ltr'>detestantes</span> 
     </span>
     <span class='ocr_line' id='line_1_34' title="bbox 156 3300 1310 3383; baseline 0 -19"><span class='ocrx_word' id='word_1_259' title='bbox 156 3301 317 3377; x_wconf 84' lang='lat' dir='ltr'>,eximiam</span> <span class='ocrx_word' id='word_1_260' title='bbox 359 3301 452 3364; x_wconf 87' lang='lat' dir='ltr'>aliam</span> <span class='ocrx_word' id='word_1_261' title='bbox 494 3303 618 3383; x_wconf 90' lang='lat' dir='ltr'>scripsit</span> <span class='ocrx_word' id='word_1_262' title='bbox 657 3301 851 3382; x_wconf 89' lang='lat' dir='ltr'>apologiam,</span> <span class='ocrx_word' id='word_1_263' title='bbox 896 3303 947 3367; x_wconf 91' lang='lat' dir='ltr'>cui</span> <span class='ocrx_word' id='word_1_264' title='bbox 989 3300 1103 3366; x_wconf 90' lang='lat' dir='ltr'>titulus</span> <span class='ocrx_word' id='word_1_265' title='bbox 1150 3301 1310 3366; x_wconf 64' lang='lat' dir='ltr'>Vexillum</span> 
     </span>
    </p>
   </div>
   <div class='ocr_carea' id='block_1_5' title="bbox 97 3560 1309 4385">
    <p class='ocr_par' dir='ltr' id='par_1_8' title="bbox 262 3560 825 3631">
     <span class='ocr_line' id='line_1_35' title="bbox 262 3560 825 3631; baseline 0.009 -19"><span class='ocrx_word' id='word_1_266' title='bbox 262 3567 270 3594; x_wconf 88' lang='lat'>¹</span> <span class='ocrx_word' id='word_1_267' title='bbox 300 3562 353 3618; x_wconf 86' lang='lat' dir='ltr'>lsa.</span> <span class='ocrx_word' id='word_1_268' title='bbox 372 3560 483 3616; x_wconf 85' lang='lat' dir='ltr'>XXXV.</span> <span class='ocrx_word' id='word_1_269' title='bbox 557 3561 578 3631; x_wconf 73' lang='grc'>2)</span> <span class='ocrx_word' id='word_1_270' title='bbox 596 3563 649 3618; x_wconf 88' lang='lat' dir='ltr'>Isa.</span> <span class='ocrx_word' id='word_1_271' title='bbox 670 3561 781 3630; x_wconf 90' lang='lat' dir='ltr'>XXXV,</span> <span class='ocrx_word' id='word_1_272' title='bbox 799 3565 825 3618; x_wconf 85' lang='lat'>2.</span> 
     </span>
    </p>

    <p class='ocr_par' dir='ltr' id='par_1_9' title="bbox 259 3630 780 3699">
     <span class='ocr_line' id='line_1_36' title="bbox 259 3630 780 3699; baseline 0.002 -16"><span class='ocrx_word' id='word_1_273' title='bbox 259 3633 270 3664; x_wconf 78' lang='lat'>³</span> <span class='ocrx_word' id='word_1_274' title='bbox 299 3630 435 3695; x_wconf 83' lang='lat' dir='ltr'>Phoebeo,</span> <span class='ocrx_word' id='word_1_275' title='bbox 455 3630 484 3684; x_wconf 73' lang='lat' dir='ltr'>S.</span> <span class='ocrx_word' id='word_1_276' title='bbox 500 3631 555 3684; x_wconf 91' lang='lat' dir='ltr'>Rit.</span> <span class='ocrx_word' id='word_1_277' title='bbox 575 3631 658 3699; x_wconf 81' lang='lat' dir='ltr'>cong.</span> <span class='ocrx_word' id='word_1_278' title='bbox 677 3631 780 3686; x_wconf 86' lang='lat' dir='ltr'>Secret.</span> 
     </span>
    </p>

    <p class='ocr_par' dir='ltr' id='par_1_10' title="bbox 259 3700 949 3767">
     <span class='ocr_line' id='line_1_37' title="bbox 259 3700 949 3767; baseline 0.012 -16"><span class='ocrx_word' id='word_1_279' title='bbox 259 3701 280 3765; x_wconf 81' lang='lat'>⁴)</span> <span class='ocrx_word' id='word_1_280' title='bbox 299 3700 388 3767; x_wconf 90' lang='lat' dir='ltr'>Bulla,</span> <span class='ocrx_word' id='word_1_281' title='bbox 407 3701 483 3754; x_wconf 93' lang='lat' dir='ltr'>Eccl.</span> <span class='ocrx_word' id='word_1_282' title='bbox 503 3700 580 3758; x_wconf 81' lang='lat' dir='ltr'>Oath.</span> <span class='ocrx_word' id='word_1_283' title='bbox 600 3701 728 3756; x_wconf 78' lang='lat' dir='ltr'>canonia.</span> <span class='ocrx_word' id='word_1_284' title='bbox 748 3702 778 3753; x_wconf 92' lang='lat' dir='ltr'>B.</span> <span class='ocrx_word' id='word_1_285' title='bbox 798 3701 949 3758; x_wconf 82' lang='lat' dir='ltr'>Francisci.</span> 
     </span>
    </p>

    <p class='ocr_par' dir='ltr' id='par_1_11' title="bbox 148 3768 1309 4258">
     <span class='ocr_line' id='line_1_38' title="bbox 258 3768 1309 3839; baseline 0 -17"><span class='ocrx_word' id='word_1_286' title='bbox 258 3774 278 3835; x_wconf 75' lang='lat'>⁵)</span> <span class='ocrx_word' id='word_1_287' title='bbox 298 3770 390 3823; x_wconf 88' lang='lat' dir='ltr'>Patris</span> <span class='ocrx_word' id='word_1_288' title='bbox 409 3771 442 3824; x_wconf 93' lang='lat' dir='ltr'>de</span> <span class='ocrx_word' id='word_1_289' title='bbox 461 3770 584 3838; x_wconf 71' lang='lat' dir='ltr'>chaugy,</span> <span class='ocrx_word' id='word_1_290' title='bbox 610 3787 710 3826; x_wconf 89' lang='lat' dir='ltr'>causae</span> <span class='ocrx_word' id='word_1_291' title='bbox 728 3771 754 3824; x_wconf 91' lang='lat' dir='ltr'>S.</span> <span class='ocrx_word' id='word_1_292' title='bbox 773 3770 914 3824; x_wconf 85' lang='lat' dir='ltr'>Francisci</span> <span class='ocrx_word' id='word_1_293' title='bbox 932 3775 1069 3839; x_wconf 89' lang='lat' dir='ltr'>procurat.</span> <span class='ocrx_word' id='word_1_294' title='bbox 1088 3768 1182 3836; x_wconf 81' lang='lat' dir='ltr'>Epist,</span> <span class='ocrx_word' id='word_1_295' title='bbox 1210 3770 1309 3837; x_wconf 86' lang='lat' dir='ltr'>inqua</span> 
     </span>
     <span class='ocr_line' id='line_1_39' title="bbox 151 3837 1309 3907; baseline 0.002 -16"><span class='ocrx_word' id='word_1_296' title='bbox 151 3839 267 3907; x_wconf 79' lang='lat' dir='ltr'>legitur:</span> <span class='ocrx_word' id='word_1_297' title='bbox 287 3855 324 3892; x_wconf 94' lang='lat' dir='ltr'>on</span> <span class='ocrx_word' id='word_1_298' title='bbox 343 3840 465 3894; x_wconf 88' lang='lat' dir='ltr'>ordonna</span> <span class='ocrx_word' id='word_1_299' title='bbox 483 3841 617 3894; x_wconf 81' lang='lat' dir='ltr'>l&#39;examen</span> <span class='ocrx_word' id='word_1_300' title='bbox 630 3841 677 3894; x_wconf 88' lang='lat' dir='ltr'>des</span> <span class='ocrx_word' id='word_1_301' title='bbox 695 3857 809 3894; x_wconf 85' lang='lat' dir='ltr'>oeuvres</span> <span class='ocrx_word' id='word_1_302' title='bbox 829 3841 864 3895; x_wconf 91' lang='lat' dir='ltr'>du</span> <span class='ocrx_word' id='word_1_303' title='bbox 883 3841 1020 3894; x_wconf 81' lang='lat' dir='ltr'>serviteur</span> <span class='ocrx_word' id='word_1_304' title='bbox 1039 3839 1072 3893; x_wconf 86' lang='lat' dir='ltr'>de</span> <span class='ocrx_word' id='word_1_305' title='bbox 1093 3837 1211 3907; x_wconf 70' lang='lat' dir='ltr'>DieulS.</span> <span class='ocrx_word' id='word_1_306' title='bbox 1224 3840 1309 3893; x_wconf 85' lang='lat' dir='ltr'>Fran·</span> 
     </span>
     <span class='ocr_line' id='line_1_40' title="bbox 150 3908 1309 3979; baseline 0.001 -17"><span class='ocrx_word' id='word_1_307' title='bbox 150 3909 208 3976; x_wconf 80' lang='lat' dir='ltr'>cois</span> <span class='ocrx_word' id='word_1_308' title='bbox 227 3908 260 3962; x_wconf 91' lang='lat' dir='ltr'>de</span> <span class='ocrx_word' id='word_1_309' title='bbox 273 3908 370 3979; x_wconf 87' lang='lat' dir='ltr'>Sales),</span> <span class='ocrx_word' id='word_1_310' title='bbox 388 3909 612 3978; x_wconf 79' lang='lat' dir='ltr'>singulierement</span> <span class='ocrx_word' id='word_1_311' title='bbox 631 3911 678 3964; x_wconf 91' lang='lat' dir='ltr'>des</span> <span class='ocrx_word' id='word_1_312' title='bbox 697 3911 862 3964; x_wconf 87' lang='lat' dir='ltr'>manuscrits</span> <span class='ocrx_word' id='word_1_313' title='bbox 880 3927 935 3964; x_wconf 92' lang='lat' dir='ltr'>non</span> <span class='ocrx_word' id='word_1_314' title='bbox 953 3923 1050 3964; x_wconf 89' lang='lat' dir='ltr'>encore</span> <span class='ocrx_word' id='word_1_315' title='bbox 1068 3908 1220 3978; x_wconf 76' lang='lat' dir='ltr'>imprimes,</span> <span class='ocrx_word' id='word_1_316' title='bbox 1240 3925 1309 3963; x_wconf 92' lang='lat' dir='ltr'>com·</span> 
     </span>
     <span class='ocr_line' id='line_1_41' title="bbox 151 3979 1307 4048; baseline -0.002 -16"><span class='ocrx_word' id='word_1_317' title='bbox 151 3979 242 4046; x_wconf 78' lang='lat' dir='ltr'>pulses</span> <span class='ocrx_word' id='word_1_318' title='bbox 256 3979 321 4032; x_wconf 89' lang='lat' dir='ltr'>dans</span> <span class='ocrx_word' id='word_1_319' title='bbox 340 3979 367 4032; x_wconf 89' lang='lat' dir='ltr'>la</span> <span class='ocrx_word' id='word_1_320' title='bbox 377 3983 393 4033; x_wconf 80' lang='lat'>5</span> <span class='ocrx_word' id='word_1_321' title='bbox 403 3981 492 4047; x_wconf 87' lang='lat' dir='ltr'>partie</span> <span class='ocrx_word' id='word_1_322' title='bbox 506 3980 540 4033; x_wconf 92' lang='lat' dir='ltr'>du</span> <span class='ocrx_word' id='word_1_323' title='bbox 558 3983 665 4048; x_wconf 79' lang='lat' dir='ltr'>proces,</span> <span class='ocrx_word' id='word_1_324' title='bbox 684 3997 714 4034; x_wconf 92' lang='lat' dir='ltr'>ce</span> <span class='ocrx_word' id='word_1_325' title='bbox 725 3982 772 4047; x_wconf 90' lang='lat' dir='ltr'>qui</span> <span class='ocrx_word' id='word_1_326' title='bbox 791 3995 894 4047; x_wconf 87' lang='lat' dir='ltr'>occupa</span> <span class='ocrx_word' id='word_1_327' title='bbox 906 3980 1117 4034; x_wconf 88' lang='lat' dir='ltr'>incessamment</span> <span class='ocrx_word' id='word_1_328' title='bbox 1132 3979 1266 4046; x_wconf 84' lang='lat' dir='ltr'>jusqu‘an</span> <span class='ocrx_word' id='word_1_329' title='bbox 1276 3981 1307 4032; x_wconf 78' lang='lat'>14</span> 
     </span>
     <span class='ocr_line' id='line_1_42' title="bbox 148 4048 1308 4118; baseline 0 -18"><span class='ocrx_word' id='word_1_330' title='bbox 148 4049 209 4114; x_wconf 86' lang='lat' dir='ltr'>juin</span> <span class='ocrx_word' id='word_1_331' title='bbox 234 4049 311 4114; x_wconf 87' lang='lat'>1659,</span> <span class='ocrx_word' id='word_1_332' title='bbox 339 4064 393 4116; x_wconf 87' lang='lat' dir='ltr'>que</span> <span class='ocrx_word' id='word_1_333' title='bbox 417 4050 445 4103; x_wconf 91' lang='lat' dir='ltr'>la</span> <span class='ocrx_word' id='word_1_334' title='bbox 462 4049 560 4105; x_wconf 70' lang='lat' dir='ltr'>Sacrae</span> <span class='ocrx_word' id='word_1_335' title='bbox 580 4049 781 4118; x_wconf 79' lang='lat' dir='ltr'>congregation</span> <span class='ocrx_word' id='word_1_336' title='bbox 808 4065 947 4116; x_wconf 79' lang='lat' dir='ltr'>prononca</span> <span class='ocrx_word' id='word_1_337' title='bbox 974 4065 1040 4103; x_wconf 86' lang='lat' dir='ltr'>avec</span> <span class='ocrx_word' id='word_1_338' title='bbox 1067 4048 1255 4116; x_wconf 86' lang='lat' dir='ltr'>approbation</span> <span class='ocrx_word' id='word_1_339' title='bbox 1280 4057 1308 4102; x_wconf 85' lang='lat' dir='ltr'>et</span> 
     </span>
     <span class='ocr_line' id='line_1_43' title="bbox 151 4117 1308 4186; baseline 0.002 -17"><span class='ocrx_word' id='word_1_340' title='bbox 151 4117 321 4185; x_wconf 88' lang='lat' dir='ltr'>admiration,</span> <span class='ocrx_word' id='word_1_341' title='bbox 350 4135 384 4174; x_wconf 87' lang='lat' dir='ltr'>en</span> <span class='ocrx_word' id='word_1_342' title='bbox 408 4121 503 4173; x_wconf 85' lang='lat' dir='ltr'>faveur</span> <span class='ocrx_word' id='word_1_343' title='bbox 526 4119 560 4173; x_wconf 95' lang='lat' dir='ltr'>de</span> <span class='ocrx_word' id='word_1_344' title='bbox 587 4135 705 4174; x_wconf 86' lang='lat' dir='ltr'>oeuvres</span> <span class='ocrx_word' id='word_1_345' title='bbox 732 4121 765 4174; x_wconf 90' lang='lat' dir='ltr'>de</span> <span class='ocrx_word' id='word_1_346' title='bbox 793 4120 925 4174; x_wconf 87' lang='lat' dir='ltr'>serviteur</span> <span class='ocrx_word' id='word_1_347' title='bbox 950 4120 982 4174; x_wconf 90' lang='lat' dir='ltr'>de</span> <span class='ocrx_word' id='word_1_348' title='bbox 1006 4118 1085 4183; x_wconf 89' lang='lat' dir='ltr'>Dieu,</span> <span class='ocrx_word' id='word_1_349' title='bbox 1110 4133 1162 4186; x_wconf 86' lang='lat' dir='ltr'>par</span> <span class='ocrx_word' id='word_1_350' title='bbox 1187 4135 1226 4172; x_wconf 90' lang='lat' dir='ltr'>un</span> <span class='ocrx_word' id='word_1_351' title='bbox 1254 4118 1308 4172; x_wconf 76' lang='lat' dir='ltr'>tres</span> 
     </span>
     <span class='ocr_line' id='line_1_44' title="bbox 151 4186 1056 4258; baseline 0.007 -17"><span class='ocrx_word' id='word_1_352' title='bbox 151 4188 222 4241; x_wconf 90' lang='lat' dir='ltr'>beau</span> <span class='ocrx_word' id='word_1_353' title='bbox 240 4186 349 4256; x_wconf 73' lang='lat' dir='ltr'>Decret,</span> <span class='ocrx_word' id='word_1_354' title='bbox 368 4205 420 4256; x_wconf 89' lang='lat' dir='ltr'>que</span> <span class='ocrx_word' id='word_1_355' title='bbox 440 4189 476 4244; x_wconf 88' lang='lat' dir='ltr'>Sa</span> <span class='ocrx_word' id='word_1_356' title='bbox 494 4189 616 4244; x_wconf 80' lang='lat' dir='ltr'>Saintete</span> <span class='ocrx_word' id='word_1_357' title='bbox 634 4189 766 4243; x_wconf 88' lang='lat' dir='ltr'>confirma</span> <span class='ocrx_word' id='word_1_358' title='bbox 783 4190 852 4243; x_wconf 87' lang='lat' dir='ltr'>trois</span> <span class='ocrx_word' id='word_1_359' title='bbox 867 4186 946 4258; x_wconf 87' lang='lat' dir='ltr'>jours</span> <span class='ocrx_word' id='word_1_360' title='bbox 964 4190 1056 4257; x_wconf 65' lang='lat' dir='ltr'>apres-</span> 
     </span>
    </p>

    <p class='ocr_par' dir='ltr' id='par_1_12' title="bbox 258 4256 1309 4327">
     <span class='ocr_line' id='line_1_45' title="bbox 258 4256 1309 4327; baseline -0.001 -17"><span class='ocrx_word' id='word_1_361' title='bbox 258 4256 283 4323; x_wconf 79' lang='lat'>⁶]</span> <span class='ocrx_word' id='word_1_362' title='bbox 301 4256 388 4311; x_wconf 85' lang='lat' dir='ltr'>Relat.</span> <span class='ocrx_word' id='word_1_363' title='bbox 412 4260 478 4314; x_wconf 87' lang='lat' dir='ltr'>aE.</span> <span class='ocrx_word' id='word_1_364' title='bbox 498 4260 535 4312; x_wconf 91' lang='lat' dir='ltr'>M.</span> <span class='ocrx_word' id='word_1_365' title='bbox 562 4259 690 4313; x_wconf 89' lang='lat' dir='ltr'>Phaebeo</span> <span class='ocrx_word' id='word_1_366' title='bbox 718 4259 743 4314; x_wconf 89' lang='lat' dir='ltr'>S.</span> <span class='ocrx_word' id='word_1_367' title='bbox 762 4259 819 4312; x_wconf 84' lang='lat' dir='ltr'>Rit.</span> <span class='ocrx_word' id='word_1_368' title='bbox 844 4258 978 4327; x_wconf 84' lang='lat' dir='ltr'>Congreg.</span> <span class='ocrx_word' id='word_1_369' title='bbox 1005 4267 1104 4313; x_wconf 89' lang='lat' dir='ltr'>secret.</span> <span class='ocrx_word' id='word_1_370' title='bbox 1122 4259 1159 4313; x_wconf 89' lang='lat' dir='ltr'>ad</span> <span class='ocrx_word' id='word_1_371' title='bbox 1177 4256 1205 4313; x_wconf 88' lang='lat' dir='ltr'>S.</span> <span class='ocrx_word' id='word_1_372' title='bbox 1225 4258 1309 4325; x_wconf 75' lang='lat' dir='ltr'>(long.</span> 
     </span>
    </p>

    <p class='ocr_par' dir='ltr' id='par_1_13' title="bbox 97 4323 549 4385">
     <span class='ocr_line' id='line_1_46' title="bbox 97 4323 549 4385; baseline 0.015 -8"><span class='ocrx_word' id='word_1_373' title='bbox 97 4375 103 4383; x_wconf 78' lang='grc'><strong><em>,</em></strong></span> <span class='ocrx_word' id='word_1_374' title='bbox 154 4323 232 4380; x_wconf 79' lang='lat' dir='ltr'>dard.</span> <span class='ocrx_word' id='word_1_375' title='bbox 252 4334 281 4379; x_wconf 89' lang='lat' dir='ltr'>et</span> <span class='ocrx_word' id='word_1_376' title='bbox 299 4325 420 4381; x_wconf 85' lang='lat' dir='ltr'>Gonsult.</span> <span class='ocrx_word' id='word_1_377' title='bbox 438 4329 549 4385; x_wconf 88' lang='lat' dir='ltr'>directa.</span> 
     </span>
    </p>
   </div>
   <div class='ocr_carea' id='block_1_6' title="bbox 0 0 1478 4942">
    <p class='ocr_par' dir='ltr' id='par_1_14' title="bbox 0 0 1478 4942">
     <span class='ocr_line' id='line_1_47' title="bbox 0 0 1478 4942; baseline 0 0"><span class='ocrx_word' id='word_1_378' title='bbox 0 0 1478 4942; x_wconf 95' lang='lat' dir='ltr'> </span> 
     </span>
    </p>
   </div>
  </div>
 </body>
</html>
