2946 4942
550 337 590 383 un
613 336 711 383 assus
732 335 918 384 ooouamcrs.
1254 325 1320 386 107

156 477 334 543 homicidiis
357 482 391 543 et
412 475 586 541 latrociniis
615 474 752 557 plenum,
782 475 866 557 quod
887 494 950 540 non
982 493 1021 540 ex
1043 475 1147 542 edicto
1170 481 1203 543 et
1224 496 1321 560 prae-

158 564 243 650 dicto
272 565 438 644 geritur,1)
472 563 556 628 idest
585 562 669 644 quod
692 580 755 628 non
788 563 884 627 fuerit
914 566 989 628 ante
1020 564 1125 628 omnia
1156 564 1240 644 parti
1262 564 1318 629 ad·

156 668 267 716 versae
289 651 441 716 indictum
463 667 501 714 ac
522 649 648 731 publice
671 649 899 716 denuntiatum.
941 649 1187 716 Denuntiatione
1210 656 1318 716 autem

155 736 231 804 belli
254 737 442 820 intelligitur
456 737 673 818 gravaminum
696 736 890 818 objectomm
906 737 1033 818 pubbca
1048 737 1229 817 declaratio,
1244 755 1317 803 cum

155 824 319 907 legitimae
341 832 374 890 et
393 824 599 905 competentis
615 824 824 904 reparationis
843 831 899 888 aut
913 823 1139 890 satisfactionis
1154 825 1316 906 petitione,

155 913 241 994 parti
265 914 419 978 adversae
449 930 506 993 per
528 912 665 992 Legatos
693 910 874 976 solemniter
902 909 996 998 facta.
1047 912 1231 977 Indictiouis
1260 930 1318 978 uo-

156 1001 240 1065 minc
262 1017 339 1065 vero
369 998 544 1078 intelligere
574 998 621 1062 ias
651 1002 701 1062 est
729 997 866 1062 edictum
890 1001 979 1079 quasi
1008 999 1223 1080 iudiciarium,
1254 1017 1319 1080 quo

155 1086 284 1175 publice
314 1085 543 1152 denuntiantur
576 1083 651 1150 belli
680 1103 793 1150 causae
821 1086 927 1162 simul,
964 1105 1002 1151 ac
1030 1087 1131 1167 partis
1166 1087 1320 1151 adversae

157 1174 404 1247 coutumacia.²l
451 1173 603 1238 Dominus
633 1172 716 1236 enim
738 1174 771 1236 in
793 1172 901 1237 Veteri
923 1172 1126 1238 Testamenta
1146 1173 1240 1254 jussit
1262 1191 1318 1254 po·

155 1261 229 1343 pulo
255 1277 313 1326 suo
336 1261 457 1326 dicens:
487 1258 538 1338 „Si
561 1257 686 1340 quando
710 1259 881 1325 accesseris
904 1260 946 1323 ad
969 1260 1210 1341 expugnandam
1233 1259 1320 1325 Giri-

155 1353 275 1413 tatem“
303 1350 351 1429 (et
373 1346 529 1429 agebatur
552 1347 591 1411 de
616 1346 797 1412 civitatibus
820 1346 953 1427 abipso
976 1347 1110 1411 Domino
1133 1349 1262 1431 rejectis
1285 1352 1317 1412 et

156 1436 328 1518 damnatis)
362 1432 492 1512 „offeres
527 1433 556 1497 ei
587 1434 722 1514 primurn
750 1437 895 1514 pacem;“
908 1434 934 1516 ⁸)
970 1440 1002 1499 et
1031 1434 1148 1515 legitur
1174 1436 1208 1499 in
1235 1434 1317 1498 libro

156 1523 305 1589 iudicum
327 1520 408 1587 filios
435 1519 535 1586 Israel
558 1521 680 1585 misisse
711 1521 838 1586 nuntios
869 1521 909 1585 ad
940 1539 1064 1587 omnem
1094 1521 1213 1587 tribum
1235 1521 1319 1586 Ben-

153 1609 262 1691 jamin,
285 1616 323 1674 ut
344 1609 510 1674 traderent
531 1608 617 1672 viros
645 1607 684 1672 de
707 1606 819 1673 Gabaa
839 1609 880 1673 ad
904 1609 1158 1674 satisfaciendum
1181 1609 1319 1692 injuriae

155 1695 279 1775 illatae,
311 1702 481 1777 antequam
514 1695 631 1759 bellum
654 1695 853 1777 inferrent.⁴)
904 1695 1099 1776 Quicumque
1128 1696 1227 1777 igitur
1249 1697 1316 1761 siue

155 1783 316 1865 princeps,
348 1785 414 1849 sive
436 1784 500 1847 dux
521 1788 578 1847 aut
599 1782 689 1848 miles
719 1786 774 1846 aut
796 1781 914 1847 bellum
937 1784 1112 1864 suscipere,
1143 1790 1200 1848 aut
1222 1784 1256 1847 in
1278 1801 1317 1848 eo

154 1870 355 1952 participare,
379 1871 465 1935 hisce
481 1869 604 1935 omissis
620 1868 885 1948 solemnitatibus,
909 1871 1164 1952 praesumpserit,
1188 1888 1222 1935 sc
1237 1871 1316 1934 sciat

153 1957 333 2025 mortaliter
354 1975 516 2039 peccasse,
546 1962 578 2022 et
601 1956 727 2037 quidem
759 1959 792 2021 iu
815 1975 931 2039 genere
954 1957 1124 2037 homicidii,
1155 1964 1316 2037 tamquam

153 2050 319 2111 auctorem
340 2044 391 2109 vel
414 2044 599 2126 complicem
622 2043 811 2108 insolidum
834 2046 972 2109 omnium
995 2045 1150 2123 caedium,
1181 2044 1317 2124 quaein

151 2131 212 2197 tali
235 2130 318 2198 bello
340 2131 391 2196 rel
423 2131 529 2214 potius
551 2131 647 2212 impia
670 2135 776 2212 strage
799 2129 926 2208 fierent,
962 2138 1058 2212 atque
1085 2133 1215 2212 insuper
1236 2131 1316 2195 irre·

149 2218 358 2301 gularitatem
381 2236 420 2284 ex
434 2217 558 2295 delicto,
580 2217 665 2282 idest
678 2216 819 2284 formalis
834 2217 995 2284 homicidii
1018 2236 1120 2298 causa,
1136 2218 1317 2297 iucurrisse,

149 2306 327 2372 secundum
350 2307 478 2372 decreta
500 2305 632 2368 Petrum
655 2322 693 2369 ac
718 2304 917 2370 Summorum
939 2305 1127 2371 Pontificum
1151 2306 1317 2388 sancita.⁶)

482 2582 725 2650 CAPITULUM
749 2581 990 2650 SECUNDUM.

150 2724 207 2790 De
229 2724 416 2789 necessitate
437 2744 474 2788 oc
497 2723 647 2806 legitimis
670 2724 779 2788 culmis
799 2723 842 2788 ud
863 2722 978 2788 bellam
993 2725 1121 2806 justum
1142 2723 1316 2805 requisitis.

263 2862 345 2940 Quia
370 2880 445 2928 vero
473 2880 586 2944 pacem
608 2861 725 2928 habere
757 2862 852 2927 debet
873 2861 1036 2942 voluntas,
1071 2861 1187 2928 bellum
1210 2879 1318 2928 neces·

154 2952 234 3017 sitas
244 2951 271 3034 ⁶)
294 2958 327 3015 et
349 2950 465 3016 bellum
488 2969 562 3015 vere
585 2948 709 3015 belluae
731 2955 788 3029 est,
813 2968 894 3032 quae
910 2951 1016 3014 omnia
1039 2949 1185 3017 devorat:
1198 2951 1223 3032 ⁷)
1246 2951 1316 3014 ideo

152 3037 318 3103 nonlicet
348 3039 467 3118 absque
497 3037 586 3118 grau
620 3055 717 3102 causa
746 3042 779 3102 ot
810 3037 869 3102 nisi
894 3054 968 3102 vera
999 3043 1032 3103 et
1054 3037 1145 3118 quasi
1175 3042 1316 3101 extrema

154 3125 347 3191 necessitate
366 3126 453 3208 juste
476 3126 665 3206 imperante,
699 3125 857 3205 suscipere
879 3124 1007 3190 bellum.
1061 3123 1211 3188 Testatur
1234 3125 1319 3188 enim

268 3350 288 3419 ¹)
310 3351 417 3405 lustum
446 3359 488 3406 est
516 3351 629 3413 bellum,
659 3351 731 3417 quod
759 3367 793 3406 ex
821 3351 910 3405 edicto
934 3351 1045 3418 geritur.
1086 3351 1167 3408 Decr.
1196 3354 1221 3407 2.
1246 3355 1321 3417 part,

158 3419 239 3544 {laus
258 3423 425 3555 tfibffiraest.
445 3424 470 3476 2.
498 3437 521 3478 c.
541 3422 561 3474 l.
581 3421 656 3474 Corn.
683 3421 761 3479 Rom,
794 3451 819 3458 -
847 3422 877 3473 ln
896 3420 1033 3474 codicibus
1057 3421 1160 3488 legitur
1186 3436 1219 3475 ex
1238 3435 1317 3487 prae·

178 3506 248 3623 w,⁰⁸,
267 3559 287 3626 ς)
315 3505 390 3614 Geir.
414 3559 491 3616 Rom.
515 3589 548 3599 —
577 3559 651 3614 Citat
679 3561 749 3613 enim
775 3558 931 3627 (isodorus)
959 3560 1133 3629 Ciceronem,
1161 3561 1206 3627 qui
1235 3565 1317 3626 negat

153 3629 750 3764 justumfsiteeuiteelimiilifisiodenuffiitittilcilic’
768 3645 828 3751 mg(
841 3630 998 3753 irssicteuml.3
1016 3631 1105 3698 (ibidl

267 3706 288 3834 δὲ
307 3770 339 3822 ln
362 3740 431 3823 bello
455 3740 599 3824 manifeste
623 3769 735 3837 injusto,
752 3740 809 3823 sive
830 3739 975 3834 cffensivo,
1000 3741 1058 3823 ¹sire
1078 3769 1225 3836 defensivo,
1252 3768 1317 3822 licet

161 3839 240 3904 pauci
259 3839 419 3893 mutilentur
437 3853 487 3892 seu
499 3839 666 3906 occidantur,
685 3839 727 3892 vel
746 3839 829 3892 etiam
847 3856 917 3893 unus
937 3839 1011 3893 solua
1024 3840 1164 3894 occidatur
1176 3839 1219 3893 vel
1239 3837 1318 3890 muti·

161 3907 230 3962 latur
250 3910 370 3963 evadunt
392 3909 560 3976 irregulares
588 3923 681 3962 omnes
698 3908 859 3976 militantes,
884 3909 950 3976 quia
968 3925 1062 3964 omues
1086 3909 1121 3962 ad
1140 3907 1314 3962 homicidium

163 3987 352 4046 cooperantur,
372 3987 400 4032 et
418 3979 591 4032 constituunt
610 3994 692 4031 unam
710 3993 819 4032 causam
839 3978 953 4033 totalem
972 3979 1079 4033 adeam
1097 3980 1317 4044 internecionem,

162 4050 286 4114 arguitur
314 4064 346 4102 err
372 4063 431 4115 cap.
456 4047 535 4100 Sicut
557 4047 679 4115 dignum.
724 4047 740 4116 ξ
768 4048 855 4104 Final.
880 4048 915 4102 de
939 4048 1074 4102 Homicid.
1100 4063 1158 4115 cap.
1230 4047 1266 4099 od
1284 4047 1316 4099 in

164 4116 350 4241 atatis&
362 4117 1169 4254 pittii‘diiiu⁸¹⁰tii0l⁰ib⁰cittiiiliefftltslim
1215 4115 1319 4184 dmi·

268 4187 290 4324 ⁷3
310 4203 373 4311 Reli:
392 4257 469 4310 Rom.
494 4258 568 4310 Part.
587 4204 662 4310 {71}st
682 4229 753 4310 num.
776 4261 800 4311 9.
826 4228 924 4312 einuot.
944 4229 978 4311 ad
988 4204 1092 4312 qdeciss
1102 4261 1144 4312 9
1169 4286 1202 4296 -
1228 4255 1317 4322 lapud

166 4322 287 4379 Ferraria
307 4327 356 4381 loc.
378 4328 440 4395 cit),
