2946 4942
589 360 628 406 nn
651 359 869 407 susurramus.
1248 344 1312 405 237

151 502 290 578 tuentes,
324 497 379 580 qui
401 495 504 564 factus
533 497 683 563 obediens
715 515 815 579 usque
843 498 884 562 ad
916 505 1052 563 mortem
1080 497 1196 561 nedum
1223 497 1314 563 nohis

152 585 244 655 dedit
274 584 367 668 huJus
396 585 525 651 rimatis
554 590 777 667 pracceptum3
811 586 868 650 sed
897 603 1047 666 magnum
1076 601 1200 666 quoque
1222 586 1255 649 in
1279 601 1313 650 se

150 675 232 757 ipso,
255 673 341 754 quod
361 672 568 752 imitaremur,
590 672 719 755 reliquit
741 672 929 754 exemplum.
978 671 1022 737 Et
1045 672 1192 753 quoniom
1215 672 1315 736 omnis

152 765 296 843 potestas
313 778 332 826 a
347 759 416 826 Deo
439 764 498 839 est,
521 759 684 842 regulares
707 777 816 824 ornnes
838 760 871 823 in
893 760 959 824 suis
982 758 1196 841 superioribus
1212 759 1314 825 Deum
1379 820 1382 826 .

152 849 259 930 ipsum
294 853 476 929 agnoscant,
512 865 550 913 ac
583 847 782 913 meminerint
812 865 876 912 non
905 847 1007 913 solum
1037 846 1227 912 ordinationi
1256 848 1316 912 Dei

153 935 314 1015 resistere,
348 935 403 1016 qui
436 934 589 1016 potestati
620 935 757 1012 resistit;
792 952 903 999 verum
933 934 1029 999 etiam
1063 951 1133 998 sesa
1163 933 1316 1014 peculiari
1429 982 1432 989 .

152 1023 349 1103 obligatione
363 1023 465 1088 teneri
479 1021 511 1085 vi
524 1021 600 1104 voti,
623 1022 707 1103 quod
721 1022 756 1087 in
770 1021 918 1104 religiosa
933 1022 1129 1103 professione
1144 1021 1316 1088 emittenda

154 1110 224 1177 Deo
247 1115 439 1192 nuncupant.
485 1107 698 1186 Quamobrem
730 1109 835 1175 debita
857 1110 1035 1175 reverentia
1058 1113 1090 1172 et
1111 1125 1217 1173 amore
1240 1127 1315 1174 suos

155 1215 265 1263 omnes
281 1195 465 1277 Superiores
481 1201 724 1278 prosequantur,
747 1201 781 1261 et
803 1214 885 1277 quae
908 1197 969 1278 ipsi
989 1199 1081 1279 juxta
1104 1196 1248 1278 regulam
1269 1197 1316 1261 in·

151 1287 300 1436 juffium'
335 1285 467 1366 integre,
501 1288 648 1365 prompte
674 1288 707 1349 et
734 1283 898 1350 humiliter
926 1285 993 1349 sine
1025 1283 1090 1347 ulla
1118 1285 1317 1349 excusatione

156 1391 197 1455 pe
237 1371 329 1437 ciant.

263 1457 328 1524 Eos
351 1460 482 1541 insuper
502 1459 679 1537 hortamur,
696 1463 739 1522 -ut
762 1459 804 1524 ad
817 1457 1047 1540 assequendam
1069 1456 1163 1537 hujus
1187 1459 1317 1525 eximiae

151 1546 285 1611 *virtutis
316 1545 549 1628 perlectionem,
585 1564 666 1627 quae
697 1550 746 1610 est
778 1545 1008 1626 quodammodo
1042 1550 1146 1610 mater
1178 1546 1317 1611 omnium

150 1634 546 1714 custosquevirtutum1)
576 1637 642 1698 toto
665 1637 795 1714 pectore
816 1632 1017 1712 incumbant3
1054 1650 1112 1695 nec
1135 1651 1197 1698 non
1220 1652 1239 1697 a
1262 1653 1318 1700 ne-

156 1739 254 1803 quam
285 1720 381 1803 hujus
411 1721 529 1807 saeculi
552 1722 675 1803 spiritu,
711 1719 764 1800 qui
788 1724 836 1783 est
859 1717 969 1784 Crucis
992 1717 1121 1796 Christi,
1155 1721 1318 1802 omnisque

150 1807 358 1874 auctoritatis
381 1825 418 1873 ac
434 1807 638 1890 subjectionis
654 1807 807 1885 inimicus,
830 1806 889 1872 sibi
904 1807 1039 1870 maxime
1054 1814 1196 1886 caveant,
1220 1825 1318 1888 seque

153 1895 298 1976 undique
322 1900 483 1961 tueantur.
985 1963 988 1968 ,

263 1981 531 2065 Tergiversationi
562 1981 764 2047 nihilominus
792 1998 908 2060 eorum,
942 1981 996 2063 qui
1027 1998 1140 2046 causas
1171 1981 1213 2045 ad
1248 1983 1320 2047 obe·

151 2069 297 2137 adientiae
328 2070 449 2152 jugum*
475 2069 696 2135 excutiendum
731 2070 934 2144 interserunt,
975 2086 1143 2134 occurrere
1177 2067 1319 2134 volentes

158 2157 358 2223 declaramus
388 2161 484 2238 atque
514 2157 692 2236 statuimus
728 2156 946 2237 rehgiosorum
976 2173 1132 2234 recursus,
1167 2155 1221 2236 qui
1252 2154 1320 2220 fieri

149 2245 264 2311 solent
284 2244 325 2309 ad
358 2243 535 2326 legitimam
567 2245 790 2310 auctoritatem
823 2243 974 2307 adversus
1005 2243 1204 2308 obedientiae
1228 2262 1320 2324 prae-

155 2337 286 2413 ceptum
307 2350 328 2397 a
343 2332 557 2413 superioribus
573 2331 692 2409 datum,
709 2331 955 2412 haudquaquam
970 2330 1136 2395 obediendi
1153 2329 1320 2412 obligatio-

151 2436 231 2483 nem
254 2419 462 2500 suspendera;
497 2437 556 2484 nee
578 2418 669 2483 facile
701 2418 827 2483 illorum
858 2417 1036 2483 habendam
1060 2434 1130 2482 esse
1152 2417 1319 2496 rationem,

150 2506 221 2571 nisi
255 2506 343 2589 prius
377 2506 525 2589 religiosi,
561 2507 618 2587 qui
645 2505 896 2584 reclamaverint,
914 2527 916 2531 ’
932 2505 1130 2586 superiorum
1161 2505 1320 2570 mandatis

155 2594 332 2675 paruerint.
389 2592 516 2676 Siquis
547 2598 655 2659 autem
687 2593 728 2658 ad
757 2591 984 2674 intercipienda
1005 2591 1211 2676 Superiorum
1232 2610 1322 2657 man·

153 2681 237 2747 data
259 2679 428 2762 confugere
452 2681 494 2746 ad
514 2680 637 2760 laicam,
661 2680 712 2745 vel
735 2681 841 2759 aliam,
874 2697 955 2761 quae
978 2683 1160 2761 competens
1182 2697 1244 2744 non
1268 2680 1320 2759 sit,

150 2773 349 2850 potestatem
363 2772 509 2847 attentet,
531 2768 727 2833 admonitum
742 2786 815 2833 eum
830 2767 982 2845 uolumus,
1005 2785 1039 2832 se
1056 2767 1195 2849 graviter
1211 2773 1322 2833 contra

148 2855 358 2921 obedientiae
379 2860 487 2921 votum
509 2855 677 2922 laconum.

636 3132 846 3139 -..——-—--

636 3145 846 3152 ———----—-

199 3378 203 3383 .
610 3307 644 3390 3.
686 3305 873 3391 SGthih

161 3463 532 3540 ‚consrrrurronrs
556 3463 693 3533 sunna
716 3414 938 3530 rnnaaorn
951 3453 1061 3528 ‘vrrn
1085 3462 1294 3530 connum.

266 3603 457 3687 Regularem
472 3605 707 3671 observantiam
731 3607 770 3671 ob
787 3605 820 3670 id
842 3605 1042 3687 potissimum
1064 3603 1179 3670 collabi
1195 3603 1322 3686 dignos-

151 3691 373 3772 citur‚.quod
395 3691 538 3774 perfecta
567 3693 633 3757 vita
656 3693 838 3773 communis,
872 3711 968 3774 quam
998 3692 1100 3757 sancti
1128 3691 1325 3772 regularium

152 3776 316 3846 Ordinum
338 3780 549 3860 Institutores‚
585 3798 677 3845 suum
707 3780 807 3845 veluti
837 3778 1012 3844 aedificium
1040 3778 1140 3844 veteri
1162 3776 1322 3843 Ecclesiae

150 3866 345 3947 ¹disciplinae
380 3874 655 3948 superextructum
690 3867 867 3944 voluerunt,
903 3872 978 3932 eta
1009 3867 1074 3930 suis
1110 3864 1321 3930 sectatoribus

149 3954 281 4019 'servari
303 3948 504 4032 mandarunt,
529 3973 624 4037 penes
647 3955 755 4037 plures
777 3955 941 4036 rehgiosos
964 3954 1099 4019 Ordines
1121 3954 1152 4016 in
1176 3952 1322 4016 desuetu-

158 4040 265 4106 dinem
296 4040 420 4107 abierit.
477 4042 540 4108 Ubi
570 4042 653 4107 enim
687 4042 726 4107 ab
758 4042 924 4124 designato
951 4061 971 4106 a
999 4040 1119 4105 sanctia
1148 4039 1222 4104 uiris
1251 4057 1322 4119 per·
1355 4055 1357 4060 ·

152 4127 304 4193 iectionis
338 4129 468 4193 tramite
503 4127 628 4194 deflecti
663 4131 833 4210 continget,
868 4128 1021 4210 paulatim
1055 4145 1075 4191 a
1105 4145 1179 4190 vero
1213 4145 1322 4191 eorum

156 4267 368 4279 *Ω*

272 4335 295 4401 ¹)
316 4333 341 4389 S.
361 4339 430 4405 Aug.
451 4336 484 4390 de
504 4333 611 4390 civitate
631 4339 678 4390 lib.
697 4340 740 4393 44.
760 4353 819 4404 cap.
842 4341 880 4390 12.
