2946 4942
206 299 270 361 262
694 311 874 360 oocunnnru

89 505 98 516 .
205 451 255 518 Pii
277 451 358 531 Vll,
391 450 468 518 Litt.
500 450 581 514 Tam
603 448 732 534 mallo),
766 449 904 514 instituti
934 449 1033 515 aPio
1057 449 1127 516 Vll.
1161 448 1303 532 episcopi
1330 449 1372 514 ad

206 541 309 605 minus
333 544 425 604 erant
448 536 586 618 delepati
608 537 639 603 S.
663 537 764 602 Sedis.

314 626 468 708 Objicitur
490 643 602 690 revera
624 625 705 704 illos,
729 631 785 689 aut
808 625 921 690 saltem
943 624 1098 705 quosdam
1121 643 1160 690 ex
1174 625 1251 706 ipsis
1272 622 1371 689 fuisse

207 713 332 779 notorie
356 713 582 790 schismaticos
606 720 638 776 et
652 719 894 793 perseverantes
912 713 944 776 in
960 730 1017 777 suo
1033 712 1212 793 schismate,
1235 713 1373 793 ideoque

207 800 327 866 unllam
350 799 447 865 fuisse
472 819 535 879 pro
570 800 615 864 eis
635 800 865 881 jurisdictionis
889 799 1098 864 collationem.
1144 801 1188 864 At
1212 805 1241 864 l.
1276 797 1371 864 Clau-

120 907 124 912 ·
207 888 278 954 sula
309 887 513 954 absolutionis
541 904 622 967 quae
645 888 802 952 ordinarie
836 889 869 952 in
899 887 1031 953 Litteris
1054 885 1225 953 Pontificiis
1260 886 1371 967 adjun-

207 978 303 1057 gitur,
327 976 448 1040 validat
465 973 680 1040 Collationem.
707 975 823 1056 (Homo
847 981 947 1054 apost.
970 973 1004 1042 S.
1026 975 1100 1056 Lip.
1126 980 1165 1038 tr.
1188 979 1238 1037 19.
1261 995 1294 1039 a.
1320 978 1370 1036 19.

207 1067 271 1128 aot.
295 1063 347 1144 5),-
376 1068 406 1126 2.
428 1063 503 1126 licet
526 1061 612 1125 nulla
635 1063 667 1125 in
691 1079 724 1126 se
748 1067 833 1127 esset
855 1063 997 1140 collatio,
1033 1061 1124 1127 adest
1152 1061 1266 1126 titulos
1289 1061 1372 1126 cola·

207 1156 302 1216 rotas
323 1152 379 1231 qai
402 1170 480 1214 eam
511 1168 618 1214 errore
649 1151 806 1214 commata
829 1149 948 1230 sufficit
983 1149 1104 1231 (Horae
1127 1153 1228 1229 apost.
1253 1153 1294 1212 tr.
1318 1152 1369 1212 16.

207 1258 240 1305 a.
264 1237 333 1317 90).

314 1330 344 1391 9.
368 1323 529 1388 Plurimae
557 1324 722 1389 citationes
758 1323 875 1388 allatae
907 1323 941 1387 in
975 1322 1283 1402 eapostalatioaibas
1308 1320 1371 1387 suf·

208 1409 339 1477 licerent
362 1412 403 1477 ad
425 1412 599 1477 tollendum
622 1411 767 1476 schisma.
790 1449 834 1458 -
857 1410 1050 1475 Praesertim
1073 1412 1170 1475 verba
1188 1408 1220 1475 S.
1239 1409 1370 1475 Hieron.

208 1518 240 1582 p.
266 1507 303 1580 53
328 1498 359 1565 S.
384 1503 463 1580 Aug.
487 1519 517 1580 p.
544 1505 584 1563 64
609 1504 641 1562 et
665 1504 724 1576 983
747 1498 777 1563 S.
802 1497 951 1580 Cypriani
973 1518 1003 1579 p.
1028 1503 1080 1563 98.

318 1591 366 1653 10.
390 1587 463 1668 Ipse
485 1585 529 1651 D.
553 1586 591 1650 de
616 1585 781 1663 Tbemicas
804 1604 888 1651 nunc
911 1586 1029 1650 diceret
1049 1584 1294 1649 Dissidentibas
1317 1585 1372 1650 ob·

209 1675 408 1756 temperandi
441 1673 682 1755 obligationem,
722 1674 876 1754 siquidem
915 1674 956 1738 ad
989 1673 1212 1737 auctoritatem
1247 1670 1372 1736 Summi

208 1760 377 1843 Pontificis
412 1765 442 1825 et
469 1761 704 1841 Episcoporum
729 1761 983 1826 Ortbodoaaram
1016 1760 1128 1824 Mundi
1152 1757 1309 1824 Catholici
1339 1759 1373 1822 in

209 1850 275 1915 suis
298 1849 417 1913 ultimis
439 1848 555 1913 litteris
579 1853 681 1913 totum
697 1848 820 1914 Galliae
835 1847 996 1913 Ecclesiae
1014 1847 1175 1928 negotium
1198 1845 1372 1912 transtulit.

212 1935 494 2019 (Revereatissima
516 1938 732 2001 commentatio
756 1956 785 2017 p.
811 1937 876 2016 25).

318 2029 368 2089 11.
392 2023 604 2105 Supponendo
628 2025 724 2088 etiam
753 2023 837 2103 quod
867 2027 989 2087 veteres
1012 2020 1163 2104 Episcopi
1190 2039 1282 2085 suam
1306 2038 1373 2085 ser-

210 2110 355 2175 vaverint
373 2110 642 2190 iurisdictionem,
677 2111 827 2192 Episcopi
860 2110 899 2197 de
929 2127 1009 2174 novo
1034 2127 1197 2174 asumma
1220 2107 1373 2174 Pontifice

208 2198 365 2276 instituti,
397 2204 472 2277 post
501 2217 609 2262 eoram
640 2205 784 2276 mortem,
826 2197 927 2262 omnis
962 2197 1087 2278 generis
1117 2195 1373 2276 jurisdictionem

208 2284 379 2350 habebant.
425 2285 486 2362 Qui
509 2303 584 2366 ergo
608 2285 1041 2364 recusabantauctoritatem
1066 2289 1098 2347 et
1116 2283 1374 2365 jurisdictionem

211 2390 382 2453 agnoscere
406 2391 514 2437 eorum
537 2373 592 2453 qui
625 2380 713 2438 oetas
740 2393 834 2437 saara
866 2372 1005 2436 schisma
1031 2390 1094 2436 non
1116 2376 1374 2436 retractaverant

210 2459 289 2544 (uon
312 2460 459 2525 obstante
481 2460 575 2525 titulo
599 2460 712 2525 saltem
728 2459 882 2543 colorato)
906 2458 1025 2523 nullam
1041 2458 1196 2524 rationem
1211 2458 1374 2524 habebant

210 2548 373 2630 rejiciendi
397 2566 449 2613 eos
473 2550 527 2629 qui
549 2547 676 2612 luerunt
691 2549 827 2612 instituti
841 2551 914 2629 post
936 2552 1075 2611 ceteram
1096 2545 1373 2610 schismaticorum

209 2638 348 2699 mortem.

318 2727 368 2786 12.
392 2723 435 2786 Et
458 2723 589 2787 sanein
613 2722 752 2792 Concilio
776 2723 929 2787 Vaticano
953 2721 1036 2786 clare
1060 2720 1251 2802 perspicitur
1272 2719 1377 2799 Epis»

211 2828 305 2888 copes
329 2810 425 2874 toties
447 2809 613 2874 Ecclesiae
636 2830 705 2874 eam
728 2809 900 2890 Episcopis
926 2807 1056 2873 Galliae
1078 2806 1315 2885 communicari,
1340 2811 1375 2871 et

209 2896 335 2978 plenam
364 2913 433 2961 esse
465 2898 713 2963 communionem
738 2896 965 2978 Episcoporum
989 2894 1113 2960 Calliae
1148 2913 1220 2960 cum
1250 2912 1375 2958 samma

209 2982 366 3065 Poatifice
390 2989 420 3047 et
442 2989 511 3048 tota
529 2983 677 3050 Ecclesia
700 2984 864 3049 catholica.

315 3070 408 3136 Unde
431 3090 502 3137 cum
525 3090 614 3136 error
647 3072 873 3137 dissidentiam
899 3070 987 3136 nulla
1019 3068 1285 3152 tergiversatione
1309 3068 1376 3132 dis·

210 3156 353 3223 simulari
375 3161 490 3239 possit,
520 3159 709 3240 sperandmn
735 3165 783 3223 est
813 3159 897 3239 quod
919 3158 1074 3239 quaedam
1102 3155 1255 3222 benevola
1277 3157 1376 3220 verba

211 3261 344 3396 asaolro
368 3243 508 3311 Concilio
531 3247 684 3312 Vaticano
717 3246 842 3327 prolata
868 3247 1021 3310 reducent
1051 3243 1122 3310 illos
1149 3244 1190 3310 ad
1216 3243 1377 3308 unitatem

210 3333 305 3398 catha
317 3332 409 3397 icam.

317 3437 436 3503 Romae
460 3438 510 3503 die
536 3444 586 3504 19.
609 3438 775 3503 Februarii
801 3442 893 3503 1870.

769 3579 790 3660 †
813 3575 947 3655 Carolus
967 3576 1027 3660 Ep.
1050 3575 1272 3642 Lucionensis.
