2946 4942
562 336 601 381 un
624 336 695 383 uror
719 336 893 385 carnomcn.
1267 324 1306 386 13

149 472 223 554 Noa,
246 474 330 539 idem
354 475 513 540 decretum
529 481 726 553 renovantes,
751 475 832 541 hanc
855 474 937 540 illius
953 479 1089 541 mentem
1113 494 1182 541 esse
1205 476 1308 543 decla-

148 579 266 640 ramuS,
291 567 326 626 ut
349 563 382 626 in
404 562 498 627 rebus
514 560 588 626 fidei
610 569 644 628 et
666 581 796 643 morum,
821 563 861 626 ad
877 562 1309 631 aedificationemrloctrinae
1371 562 1374 571 '

149 648 351 714 Christianae
374 650 612 731 pertinentium,
645 651 672 716 is
695 669 751 731 pro
774 669 849 716 nero
879 669 973 715 sensu
995 669 1106 717 sacrae
1129 649 1309 732 Scripturas

150 736 315 801 habendus
332 737 381 815 sit,
407 756 498 818 quem
514 738 618 802 tenuit
640 756 676 802 ac
690 743 776 801 tenet
792 736 909 803 Sancta
925 739 1027 803 Mater
1042 739 1194 816 Ecclesia,
1219 740 1308 821 cujus

150 829 200 888 est
230 825 374 905 jndicare
409 824 447 888 de
478 843 553 890 vero
586 842 681 889 sensu
715 830 746 889 et
775 828 1037 907 interpretatione
1072 825 1308 907 Scripturarum

149 917 348 988 sanctarum3
382 918 477 993 atque
500 913 571 976 ide'o
595 913 710 977 aeunni
740 913 833 978 licere
857 919 966 978 contra
988 914 1071 978 hunc
1094 932 1228 992 sensum,
1251 917 1309 979 aut

148 1000 245 1062 etiam
269 1005 379 1064 contra
409 1000 587 1064 unanimem
617 1018 802 1066 consensum
831 1000 961 1065 Patrum
991 1002 1092 1083 ipsam
1115 1000 1309 1083 Scripturam

147 1103 272 1150 sacram
295 1088 507 1168 interpretari.

622 1295 757 1361 CAPUT
786 1296 841 1360 111.

656 1434 709 1501 De
729 1436 801 1516 fida.

255 1575 358 1654 Quum
381 1575 474 1640 homo
504 1594 527 1726 at
550 1575 616 1640 Deo
648 1581 806 1656 tamquam
841 1573 991 1641 Creatore
1023 1581 1056 1640 ιι
1042 1575 1215 1640 tDomino
1251 1592 1307 1641 suo

149 1668 200 1730 tot
200 1682 237 1730 us
272 1663 527 1745 dependeatet
561 1669 610 1726 rat
611 1663 640 1728 io
675 1669 783 1728 creata
816 1664 937 1729 incrcat
938 1682 975 1728 ae
1009 1664 1145 1728 Veritati
1120 1663 1308 1743 tpenitus

150 1753 293 1835 subjecta
326 1751 383 1829 sit,
419 1750 547 1834 plenum
581 1749 735 1815 revelanti
762 1751 868 1815 Deo
859 1755 908 1815 rut
894 1751 1001 1816 ttellec
987 1755 1039 1816 tus
1071 1757 1102 1814 et
1136 1750 1307 1817 voluntatis
1407 1756 1410 1760 '

150 1839 334 1920 obsequium
367 1837 429 1902 fide
457 1841 619 1919 praestare
651 1843 804 1905 tenemur.
856 1838 947 1904 Hanc
979 1857 1054 1904 vero
1084 1835 1193 1917 fidem,
1227 1856 1308 1919 quae

149 1927 306 1991 hnmanae
329 1925 443 1990 salutis
465 1926 588 1989 initium
611 1930 668 2005 cst,
699 1924 841 1990 Ecclesia
864 1926 1019 1991 catholica
1051 1924 1218 2008 profitetur
1246 1926 1309 1991 rir-

149 2019 251 2080 tutem
281 2032 351 2080 esse
381 2013 669 2096 supernaturalem,
702 2031 776 2094 qua,
807 2013 868 2077 Dei
890 2016 1048 2096 aspirante
1081 2019 1114 2078 ιι
1137 2012 1308 2096 adjuvante

149 2103 265 2184 gratia,
290 2102 330 2166 ab
353 2121 390 2166 eo
413 2100 553 2166 revelata
575 2118 651 2165 vcra
680 2119 748 2165 esse
771 2101 936 2181 credimus,
960 2120 1022 2166 non
1045 2105 1174 2183 propter
1196 2101 1309 2165 intrin-

150 2207 254 2255 secam
282 2208 387 2254 rcrum
419 2189 586 2254 veritatem
619 2188 755 2253 naturali
787 2189 916 2253 rationis
949 2189 1067 2253 lumina
1095 2192 1305 2269 perspectam,

150 2277 207 2341 sed
229 2282 359 2360 propter
373 2277 598 2341 auctoritatem
620 2276 720 2357 ipsius
736 2275 795 2340 Dei
817 2276 997 2356 revelantis,
1021 2277 1074 2357 qui
1088 2295 1146 2340 nec
1168 2275 1234 2340 falli
1249 2294 1308 2342 uec

148 2365 259 2430 fallere
281 2369 395 2446 potest.
440 2363 500 2428 Est
523 2364 604 2428 enim
628 2361 714 2442 fides,
738 2368 876 2429 testante
893 2362 1054 2445 Apostolo,
1079 2364 1308 2445 sperandarum

149 2453 329 2517 substantia
350 2470 466 2531 rerum,
491 2456 711 2532 argumentum
734 2468 796 2515 non
819 2451 1084 2534 apparentium.1)

254 2539 299 2604 Ut
330 2539 530 2604 nihilominus
556 2537 630 2603 fidei
660 2543 789 2603 nostrae
819 2538 1003 2619 obsequium
1032 2538 1149 2604 rationi
1178 2556 1307 2604 consan-
1377 2582 1380 2587 -

149 2633 277 2692 tansum
300 2632 392 2707 esset,
415 2626 514 2692 voluit
537 2625 623 2691 Deus
646 2644 716 2691 curn
738 2626 870 2692 internis
893 2625 1030 2708 Spiritus
1053 2625 1160 2691 Sancti
1181 2626 1306 2692 auxiliis

149 2719 280 2780 externa
298 2716 389 2797 jungi
411 2714 611 2779 revelationis
634 2732 709 2779 suae
726 2718 920 2796 argumenta,
944 2712 1029 2779 facta
1051 2713 1168 2779 scilicet
1191 2713 1305 2794 divina,

149 2807 244 2883 atque
274 2802 426 2884 imprimis
450 2802 601 2868 miracula
628 2807 660 2867 et
690 2801 886 2884 prophetias,
921 2820 1004 2883 quae
1030 2819 1101 2866 cum
1124 2801 1184 2866 Dei
1207 2801 1307 2867 omni-

148 2890 321 2971 potentiam
345 2895 377 2954 et
404 2890 558 2954 infinitam
586 2890 749 2954 scientiam
770 2889 947 2955 luculenter
970 2894 1229 2969 commonstrent,
1260 2889 1307 2954 di-

148 2977 242 3042 vinae
263 2977 464 3042 revelationis
480 2978 570 3058 signa
593 2981 670 3041 sunt
682 2977 855 3042 certissima
870 2983 903 3042 et
926 2978 1065 3042 omnium
1080 2976 1307 3058 intelligentiae

149 3064 393 3131 accommodata.
452 3064 556 3142 Quare
590 3070 656 3129 tum
684 3064 811 3146 Moyses
842 3069 877 3129 et
913 3063 1105 3146 Prophetae,
1137 3068 1205 3128 tum
1239 3065 1307 3147 ipsc

149 3153 281 3216 maxime
306 3149 450 3217 Christus
474 3152 626 3217 Dominus
649 3152 750 3217 multa
773 3156 805 3216 et
827 3151 1081 3217 manifestissima
1099 3150 1253 3217 miracula
1275 3155 1308 3216 ιι

148 3238 331 3322 prophetias
355 3238 538 3321 ediderunt3
562 3246 594 3304 et
618 3240 657 3305 de
673 3239 832 3322 Apostolis
855 3239 1003 3322 legimus:
1026 3238 1086 3304 Illi
1108 3243 1211 3304 autent
1227 3259 1307 3321 pro·

145 3327 224 3407 fecti
242 3327 515 3408 praedicaverant
535 3328 662 3410 ubique,
694 3328 834 3392 Domino
857 3333 1052 3408 cooperante,
1083 3333 1112 3391 et
1134 3347 1308 3392 sermonem

147 3415 368 3494 confirmante,
401 3416 602 3496 sequentibus
633 3415 746 3498 siquis.
762 3419 788 3497 ²)
840 3415 883 3479 Et
910 3433 1035 3478 rursum
1066 3415 1305 3495 scriptumest:

148 3500 312 3567 Habemus
329 3502 518 3567 'brutiorem
544 3503 766 3584 propheticam
797 3523 985 3580 sermonem,
1021 3502 1073 3567 cui
1100 3501 1307 3580 benefacitis

147 3589 346 3654 attendentes
368 3590 462 3672 quusi
485 3591 631 3655 lacernae
656 3590 773 3655 lucenti
795 3591 830 3654 ιιι
853 3590 1025 3673 coliqiooso
1049 3589 1125 3653 loce.
1138 3590 1163 3672 ³)

254 3678 342 3742 Licet
370 3685 477 3741 autem
499 3677 573 3742 fidei
606 3694 753 3742 assensus
783 3683 1049 3778 nequaquamt
1008 3678 1049 3741 sit
1076 3681 1180 3741 motus
1211 3675 1308 3740 animi

148 3781 276 3829 caecus:
300 3783 391 3829 nemo
414 3770 521 3830 tamen
537 3765 736 3846 evangelicae
752 3766 980 3846 praedicatroni
995 3764 1170 3829 consentire
1192 3765 1305 3845 potest,

147 3851 231 3916 sicut
254 3857 380 3953 oportet
366 3853 449 3916 tad
477 3853 561 3917 salut
547 3856 612 3917 tem
636 3853 914 3955 consequendam,
931 3853 1050 3932 absque
1079 3850 1244 3915 illuminat
1221 3855 1307 3915 trone

123 3922 212 4002 ιι
202 3941 337 4021 inspirat
338 3940 410 4004 ione
433 3938 567 4021 Spiritus
592 3940 707 4020 Sancti,
739 3943 792 4042 qui
815 3940 872 4005 dat
895 3941 1039 4004 omnibus
1061 3940 1252 4002 suavitatem
1273 3937 1306 4002 in

146 4028 372 4092 consentiendo
405 4033 438 4092 ιι
465 4027 623 4093 credendo
653 4030 780 4093 veritati
755 4027 827 4111 t4)
877 4027 982 4105 Quare
1011 4025 1121 4090 fides
1111 4043 1180 4108 1psa
1206 4027 1240 4090 in
1262 4042 1305 4106 se,

258 4271 278 4339 ¹)
298 4271 382 4328 Hebr.
401 4271 448 4324 Xl.
469 4273 493 4328 l.
568 4274 591 4339 ²)
611 4273 696 4326 Marc.
717 4270 789 4327 XVI.
807 4274 850 4324 20.

256 4343 276 4409 ἰ
295 4345 320 4398 2.
339 4343 411 4399 Petr.
431 4343 452 4398 Ι.
473 4345 514 4400 19.
570 4343 591 4412 ⁴)
612 4341 711 4411 Synod.
731 4344 829 4394 Araus.
848 4341 886 4396 Il.
903 4356 963 4398 can.
982 4342 1007 4398 ⁷.
