2946 4942
164 306 206 371 at
446 319 566 373 sensus
589 319 829 372 munemundus
852 321 1042 371 nnculncm

163 465 312 542 appetere
333 459 467 525 liberum
491 477 561 524 esse
583 460 785 539 contendunt,
811 460 1024 526 necessariam
1046 461 1133 525 illam
1156 460 1326 526 cohaeren-

163 551 239 613 tiam
262 548 471 628 destruentes
494 565 576 629 quae
592 546 651 612 Dei
674 548 834 613 voluntate
856 547 1025 612 intercedit
1048 549 1130 612 inter
1153 554 1325 630 utrumque

162 636 317 716 ordinem,
350 636 494 716 quitum
524 635 710 714 inmatura,
743 641 811 701 tum
834 652 930 715 supra
959 640 1106 700 naturam
1129 641 1187 701 est.
1234 636 1324 702 Post·

161 742 254 804 quam
278 724 361 787 enim
385 721 673 788 divinaclementia
695 722 733 787 sd
751 722 901 788 coelestia
925 741 1022 804 regnu
1037 723 1194 789 homiuem
1218 728 1324 789 trans-

160 809 239 878 ferri
261 811 413 891 decrevit,
446 810 531 881 vien
562 817 670 878 autem
700 810 742 877 nd
771 829 810 879 ea
831 809 941 877 iesum
963 809 1125 881 (lhristum
1149 811 1322 891 constitnit,

158 898 224 978 jam
246 916 310 964 non
343 898 446 964 estin
480 897 542 965 alic
572 897 678 979 alique
706 897 809 976 salum
846 897 901 965 sed
928 898 981 978 qui
1011 899 1045 963 in
1067 897 1229 964 Christum
1261 916 1324 978 nnn

161 986 340 1062 crediderit,
365 991 422 1051 aut
444 985 513 1066 ejus
536 985 687 1053 mandatu
717 1004 781 1050 nen
803 986 984 1064 servaverit,
1010 1004 1081 1051 curn
1103 987 1323 1066 peccaremus

161 1074 305 1155 ejicietur
326 1074 360 1139 iu
383 1073 539 1152 tenebras,
563 1072 618 1138 ubi
640 1073 701 1138 erit
724 1071 815 1139 fietus
837 1079 871 1137 st
893 1073 1010 1140 stridor
1032 1074 1183 1139 dentium.

265 1160 349 1227 Hine
371 1161 468 1228 etism
490 1159 535 1239 fit,
562 1164 598 1225 ut
621 1159 684 1240 illu,
707 1179 801 1242 quem
825 1160 940 1238 dicunt,
970 1160 1054 1224 vitae
1077 1160 1228 1242 probitas,
1261 1178 1323 1242 qua

160 1247 314 1323 mandatu
336 1249 404 1326 Ilei,
429 1247 514 1328 quod
535 1248 578 1313 sd
600 1266 729 1328 operum
752 1247 964 1316 substantiam
980 1249 1126 1328 pertinet,
1150 1254 1323 1329 utcumque

159 1341 336 1416 serv-antur,
359 1354 379 1401 a
398 1335 524 1418 justitia
547 1341 579 1400 et
602 1337 779 1413 sanctitate,
803 1353 885 1416 quae
907 1341 1090 1416 operantem
1116 1335 1158 1402 ad
1181 1335 1322 1403 coeleste

158 1441 293 1504 regnum
322 1422 481 1504 perducit,
515 1421 609 1502 lenge
640 1423 745 1491 distet.
799 1425 888 1489 Licet
919 1423 1002 1489 enim
1033 1423 1080 1488 vis
1108 1421 1165 1488 ills
1188 1429 1323 1492 naturus

158 1511 244 1590 insit,
268 1528 331 1592 qua
352 1510 529 1591 legitimum
552 1508 672 1590 aliqum
686 1509 976 1578 animaraticnalis
1000 1517 1032 1576 et
1055 1512 1151 1579 sentit
1174 1516 1206 1577 et
1230 1510 1319 1597 fucit,

158 1598 244 1678 qued
266 1615 330 1664 non
352 1597 453 1664 snlnm
475 1615 538 1663 nnn
560 1599 767 1701 vituperetur,
791 1598 1011 1663 verumetiam
1034 1599 1147 1664 meritc
1171 1605 1323 1680 recteque

158 1685 320 1754 laudetur:
351 1684 431 1751 nihil
451 1690 560 1751 tamen
581 1685 706 1763 herum,
739 1685 994 1766 qnandoquidem
1021 1685 1088 1752 sinn
1111 1683 1174 1751 fide
1197 1691 1230 1751 et
1253 1687 1322 1755 sine

158 1775 262 1854 gretia
284 1770 373 1851 fiunt,
397 1771 439 1839 ad
453 1771 542 1842 illam
557 1773 709 1853 pietatem
731 1773 880 1854 pertinet,
904 1790 986 1853 quae
1008 1775 1039 1837 in
1055 1773 1153 1837 vitam
1169 1773 1323 1842 transient

158 1867 331 1928 aeternam.
345 1860 368 1941 ²)
393 1858 685 1948 ‚Quemadmodum
715 1862 799 1928 euim
829 1861 908 1926 haec
937 1862 1006 1941 ipsa
1036 1861 1133 1926 beata
1162 1863 1243 1941 vita,
1275 1862 1323 1931 its

159 1948 324 2029 dispositio
354 1946 395 2015 ad
419 1965 502 2025 sam,
533 1951 644 2029 utpote
666 1966 762 2029 super
792 1952 939 2019 usturam
973 1949 1091 2029 posita,
1123 1967 1160 2013 ex
1180 1949 1322 2030 gratuite

158 2035 337 2103 miserentis
352 2035 413 2102 Dei
427 2033 578 2105 beneficio
601 2040 660 2101 est.
695 2035 744 2103 Ad
766 2035 887 2105 nullum
903 2035 1001 2116 igitur
1024 2041 1131 2102 sctum
1148 2036 1321 2105 salutarem

157 2123 223 2190 sive
247 2123 406 2205 injustis,
433 2128 470 2189 ut
489 2121 704 2203 justificentur
726 2123 843 2202 adhuc,
872 2123 992 2191 sivein
1017 2124 1251 2204 peccatoribus,
1284 2130 1321 2191 ut

158 2210 364 2292 minuantur
394 2209 435 2277 ad
461 2207 735 2292 justificationem,
766 2217 900 2275 naturae
927 2212 1009 2275 vires
1032 2208 1204 2292 sufficiunt,
1237 2217 1322 2282 aste

155 2303 263 2368 stante
288 2298 437 2364 Domino:
472 2296 544 2366 Sine
574 2315 625 2362 me
647 2297 725 2363 nihil
752 2300 885 2379 potestis
917 2296 1022 2363 iacere
1045 2298 1149 2377 (Jonu.
1178 2305 1227 2366 15.
1253 2303 1318 2378 5.);

157 2391 191 2453 et
214 2385 369 2466 tunninio>
390 2385 476 2466 ejus:
499 2383 570 2451 Nou
592 2385 676 2466 quod
699 2383 893 2453 sufficientes
915 2386 1012 2452 simus
1037 2387 1177 2467 cogitare
1199 2387 1320 2468 aliqud

156 2491 179 2541 a,
206 2473 296 2541 nnbis
326 2474 417 2553 quasi
446 2472 616 2552 elenchis,
651 2473 709 2542 sed
741 2473 932 2542 sufficientia
964 2478 1074 2540 uestra
1105 2492 1144 2539 ex
1172 2474 1241 2543 nco
1270 2482 1321 2548 cst

155 2561 202 2642 (2.
225 2559 296 2625 (lor.
319 2564 350 2624 3.
377 2558 431 2642 5.).
477 2559 584 2638 Quare
607 2565 640 2629 et
662 2560 741 2628 illud
763 2562 924 2629 verissime
947 2559 1072 2640 dicitur,
1103 2561 1320 2642 pergratiam

156 2665 220 2712 non
242 2647 345 2717 solum
368 2647 438 2714 dari
461 2647 561 2726 nobis,
585 2653 631 2726 ut,
654 2649 738 2728 quod
760 2668 818 2730 per
832 2654 965 2717 naturae
987 2650 1128 2730 vigorem
1150 2647 1321 2719 dificulter

155 2751 333 2816 passumus,
358 2732 481 2803 facilius
503 2735 670 2817 possimus,
701 2737 877 2803 sedetiam
900 2742 937 2806 ut
958 2735 1045 2816 thud,
1074 2737 1158 2817 qued
1180 2756 1238 2818 per
1261 2755 1319 2803 na·

155 2827 260 2897 turam
283 2821 369 2889 nuhn
393 2822 485 2887 modo
508 2840 685 2903 ponemus,
709 2829 743 2890 et
765 2824 896 2893 velimus
920 2829 954 2890 et
975 2822 1184 2905 perficiamus.
1230 2824 1318 2893 Deris

156 2916 205 2979 est
229 2911 322 2989 enim,
346 2910 401 2991 qui
422 2918 574 2991 operatur
596 2912 630 2974 in
652 2911 741 2978 nobis
765 2917 797 2979 st
821 2911 900 2986 uelle
923 2915 957 2975 et
978 2911 1128 2992 perlicere
1152 2930 1209 2992 pre
1233 2912 1318 2981 hena

157 2997 322 3065 voluntate
345 2996 438 3079 (Phil.
463 3002 491 3063 2.
517 2997 592 3080 13.).

116 3109 120 3116 ·
261 3084 324 3153 Sed
357 3085 437 3153 haec
470 3086 540 3167 ipsa
568 3103 665 3166 encra
696 3087 796 3165 bons,
831 3105 914 3167 qnae
947 3089 1051 3170 gretia
1085 3087 1316 3167 praeveniente

154 3175 323 3239 comitante
353 3177 386 3239 st
413 3174 625 3254 subsequente
653 3172 745 3252 liunt,
780 3175 865 3239 vitae
895 3181 1045 3241 aeternae
1074 3174 1223 3243 meritum
1253 3192 1318 3241 nen

153 3260 273 3326 habent
300 3260 369 3329 sine
394 3259 448 3325 illn
478 3261 776 3342 sanmathiano,
812 3281 873 3343 qno
901 3263 1072 3345 justinum
1095 3260 1317 3332 christorum

153 3365 247 3429 quarn
270 3347 412 3412 membra
443 3366 512 3412 cum
536 3349 639 3429 eapite
663 3351 834 3431 conjuncti,
868 3354 902 3414 et
922 3357 1075 3431 tunquam
1097 3347 1154 3415 filii
1177 3348 1236 3415 Dei
1258 3366 1316 3430 per

152 3436 291 3518 gratiam
314 3453 385 3500 cum
407 3433 488 3502 Filio
511 3436 571 3502 Dei
598 3437 739 3503 naturali
762 3439 936 3503 consociati
957 3445 1050 3506 sunt:
1080 3442 1228 3502 mouente
1252 3437 1316 3500 Dc-

153 3523 254 3589 minc:
279 3521 368 3588 Sicut
390 3523 510 3602 palmes
533 3541 595 3589 non
620 3529 724 3604 potest
746 3523 828 3589 ierre
852 3524 988 3591 fructum
1011 3543 1030 3589 a
1053 3524 1230 3605 semetipso,
1255 3524 1316 3594 niu'

152 3611 308 3675 manserit
329 3611 362 3674 in
384 3610 458 3692 vite,
482 3611 529 3676 sic
544 3629 603 3675 nec
624 3629 689 3688 vos,
714 3613 776 3677 nisi
790 3613 824 3677 in
847 3631 897 3678 me
913 3613 1109 3678 manseritis:
1133 3621 1166 3677 st
1188 3629 1315 3679 asseve-

152 3703 243 3763 rante
267 3696 440 3778 Apustnloz
471 3697 506 3763 Si
529 3703 638 3764 eutem
661 3697 726 3777 filii,
758 3706 791 3765 et
813 3699 977 3776 haeredes,
1010 3699 1166 3765 haeredes
1188 3699 1316 3780 quiden

152 3785 221 3866 uei,
245 3784 435 3851 cohaeredes
458 3793 565 3851 sutem
589 3785 707 3851 Christi
731 3787 833 3868 (Rern.
858 3793 888 3854 8.
915 3787 990 3871 17.).

256 3871 302 3939 Ut
323 3871 492 3952 enimvero,
515 3874 570 3954 qui
591 3874 625 3938 in
640 3875 702 3940 hac
722 3877 826 3954 gratia
840 3876 1004 3956 decedunt,
1028 3876 1126 3944 vitum
1141 3879 1314 3954 aeternam,

151 3978 233 4041 quae
256 3965 306 4027 est
324 3960 470 4042 justitiae
493 3979 619 4041 cornua,
652 3970 739 4027 centn
762 3970 1011 4044 consequentum
1041 3964 1087 4027 ita
1112 3962 1169 4042 qui
1191 3979 1230 4026 es
1251 3963 1316 4044 pri·

151 4048 218 4117 suti
239 4047 428 4127 moriuntur,
453 4047 496 4115 ad
519 4048 607 4118 illam
622 4068 782 4132 nunquam
804 4052 987 4133 perventuri
1008 4053 1093 4115 sunt.
1131 4047 1209 4115 Pest
1231 4067 1315 4117 mor-

150 4139 217 4204 ton
240 4137 332 4214 enim,
354 4140 504 4218 quaeest
525 4137 597 4205 viae
619 4143 747 4207 nostrae
762 4140 925 4218 terminus
947 4155 1021 4204 mox
1043 4138 1084 4206 sd
1100 4136 1161 4205 uei
1175 4136 1316 4206 tribunal

261 4327 280 4393 ¹)
295 4325 378 4385 senc
392 4325 423 4383 8,
442 4331 514 4395 Aug.
532 4328 566 4382 de
582 4343 628 4397 sp.
647 4336 675 4383 et
693 4329 749 4387 litt.
768 4344 791 4387 a
810 4331 853 4384 28.
871 4327 910 4396 (n.
927 4331 990 4398 lut
