2946 4942
156 329 215 395 162
650 343 822 393 rosunum

151 480 290 546 millibus
314 482 450 546 decretis
478 486 511 547 et
534 483 811 548 constitutionibus
834 479 1022 548 Pontificum
1057 482 1232 564 dispersae,
1265 484 1320 550 vix

151 587 188 634 ao
211 587 251 634 ne
272 569 323 639 vis
346 569 472 650 quidem
494 589 515 633 a
537 565 842 651 peritissimis'ipsis
865 570 952 635 nosci
974 587 1082 635 omnes
1105 575 1252 650 possunt,
1286 575 1319 636 et

149 656 328 737 permultae
348 657 472 739 injure
496 663 634 736 manent,
658 657 820 737 quaejam
842 656 980 737 inutiles,
1005 661 1060 722 aut
1083 675 1196 737 parum
1219 657 1318 724 utiles

152 744 290 810 euasisse
312 743 353 808 ab
376 744 519 809 omnibus
538 744 712 826 judicatur.

354 987 404 1052 De
427 987 548 1070 lapibus
571 988 864 1052 matrimonialibus
886 988 1109 1068 reformandis.

258 1142 337 1209 Oum
360 1163 398 1208 ex
420 1163 484 1209 una
507 1150 612 1227 parte,
644 1144 737 1208 cinito
759 1144 843 1224 quod
867 1150 982 1209 vocant
1004 1147 1246 1211 matrimonium
1270 1149 1318 1212 ita

150 1249 233 1296 nunc
256 1232 341 1312 apud
364 1249 486 1312 omnes
515 1233 609 1296 etiam
634 1231 804 1297 catholicas
828 1233 972 1296 nationes
995 1232 1169 1298 stabilitum
1191 1234 1249 1313 sit,
1279 1239 1318 1300 ut

151 1319 238 1384 nulla
269 1338 341 1401 spes
370 1321 514 1400 proxima
545 1325 708 1384 remaneat
742 1321 980 1401 abrogationem
1016 1318 1101 1384 illius
1132 1320 1316 1400 obtinendi3

151 1425 190 1469 eu
219 1406 322 1471 altera
351 1425 424 1471 vero
455 1412 545 1487 parte
574 1425 666 1470 nemo
698 1426 761 1470 non
791 1408 964 1486 perspiciat
993 1412 1146 1487 quantum
1174 1407 1254 1473 mali
1283 1413 1319 1474 et

151 1493 293 1559 scandali
308 1492 443 1575 profluat
459 1512 497 1557 ex
519 1494 728 1558 matrimoniis
750 1493 813 1557 illis
836 1512 926 1574 quae,
951 1511 1058 1559 coram
1074 1495 1141 1559 Deo
1163 1495 1316 1578 invalida,

150 1581 184 1645 iu
207 1580 289 1645 civili
311 1585 420 1645 tamen
442 1579 509 1645 soro
532 1599 590 1661 pro
613 1581 723 1646 validis
747 1581 920 1660 habentur,
952 1583 993 1647 ad
1015 1587 1081 1647 tam
1104 1583 1319 1663 perniciosam

151 1674 280 1749 pestem,
304 1687 361 1750 pro
384 1669 581 1750 benignitate
605 1675 638 1734 et
661 1669 819 1750 sapientia
838 1668 1001 1734 Ecclesiae
1024 1669 1240 1750 avertendam,
1265 1672 1320 1736 vel

151 1755 264 1821 saltem
287 1756 497 1836 minuendam,
521 1760 643 1822 attento
666 1756 880 1821 submittenda
902 1756 1064 1821 videretur
1086 1758 1222 1822 examini
1246 1762 1322 1829 tata

151 1843 192 1907 de
214 1843 414 1908 matrimonio
437 1843 595 1924 legislatio
619 1844 783 1925 canonica,
817 1863 853 1909 eo
877 1841 939 1909 fine
960 1850 1011 1923 ut,
1040 1849 1194 1925 quantum
1216 1863 1321 1926 penes

151 1929 327 1995 Ecclesiam
350 1932 410 1995 erit
434 1934 465 1995 et
486 1932 584 2012 ipsius
611 1933 658 1996 rei
685 1936 802 1995 natura
829 1933 1008 2011 permittet,
1040 1930 1153 1996 saltem
1175 1933 1321 1998 rariores

151 2015 329 2083 efficiantur
352 2036 443 2082 casus
465 2019 498 2083 in
521 2020 635 2099 quibus
657 2018 742 2083 idem
764 2019 995 2083 matrimonium
1020 2024 1052 2083 et
1074 2018 1214 2084 validum
1239 2021 1321 2086 civi·

150 2104 279 2169 litaret
302 2106 334 2168 in
358 2107 551 2171 conscientia
572 2106 694 2171 nullum
717 2123 787 2170 esse
810 2111 923 2187 potest.

257 2191 307 2255 Ad
329 2209 420 2272 quem
444 2210 573 2272 scopum
601 2193 830 2274 assequendum
858 2193 1012 2275 imprimis
1035 2193 1188 2259 conducet
1217 2195 1322 2276 impe-

152 2279 361 2344 dimentorum
395 2279 608 2344 dirimentium
642 2282 863 2345 canonicorum
899 2282 1038 2361 prudens
1076 2281 1235 2362 reductio,
1276 2283 1321 2348 de

151 2384 213 2447 qua
236 2366 327 2433 infra.

151 2593 203 2658 Da
218 2594 387 2659 minnanolo
405 2593 701 2674 impedimentornm
718 2595 915 2659 matrimonii
933 2594 1153 2660 dirimentimn
1170 2615 1322 2662 namara.

256 2749 344 2816 Inter
365 2751 591 2831 impedimenta
613 2750 806 2815 matrimonii
825 2749 1007 2816 dirimentis
1041 2755 1219 2832 opportune
1242 2769 1324 2834 sup·

151 2837 364 2920 primerentur
393 2855 608 2918 quaecumque
640 2839 759 2918 absque
783 2839 919 2919 graviori
948 2837 1139 2918 praejudicio
1169 2837 1324 2905 videntur

152 2923 309 2989 eliminari
331 2941 441 3005 posse;
464 2923 598 2991 scilicet:

262 3019 291 3076 1⁰
314 3012 464 3091 Quartus,
487 3013 550 3077 imo
573 3010 679 3076 forsan
702 3012 816 3077 tertius
840 3013 1122 3093 consanguinitatis
1144 3013 1277 3094 gradum

259 3105 291 3164 2⁰
314 3099 494 3181 Spiritualis
529 3100 688 3182 coguatio,
729 3100 788 3163 uisi
821 3099 904 3165 forte
938 3101 1021 3164 inter
1055 3101 1253 3181 baptizatam
1288 3107 1326 3170 et

151 3187 319 3268 patrinum.

258 3281 290 3339 3⁰
315 3273 460 3340 affinitas
484 3293 522 3339 ex
544 3275 727 3340 commercio
749 3273 869 3339 illicito.

258 3369 291 3426 4Ο
314 3359 459 3426 Affinitas
488 3380 526 3425 ex
548 3363 733 3427 commercio
764 3359 864 3440 licito,
895 3360 980 3425 ultra
1010 3361 1146 3444 primum
1169 3363 1324 3442 gradum.

259 3455 291 3513 5⁰
314 3448 472 3514 Honestas
495 3449 622 3530 publica
645 3468 684 3513 ex
706 3448 917 3529 sponsalibus

258 3543 290 3602 6⁰
313 3536 470 3602 Honestas
487 3536 613 3616 publica
628 3554 665 3600 ex
680 3536 880 3601 matrimonio
904 3540 983 3615 rato,
1007 3553 1070 3599 non
1086 3543 1324 3620 consummato,

151 3623 236 3688 ultra
257 3625 392 3704 primum
416 3623 557 3706 gradum.

259 3717 291 3775 7⁰
313 3712 574 3793 impedimentum
598 3711 735 3776 criminis
759 3729 798 3774 ex
818 3709 973 3774 adulterio
996 3710 1073 3785 solo,
1099 3711 1221 3791 absque
1245 3731 1324 3779 con-

148 3797 312 3880 jngicidio,
336 3804 393 3862 aut
416 3799 648 3879 machinatione
672 3797 881 3878 conjugicidii.
899 3799 921 3879 ¹)

262 3988 282 4056 ¹)
302 3987 343 4043 Cf.
361 3988 505 4042 Postulata
525 3989 646 4043 Concilio
658 3989 743 4070 'Tria‘
760 3988 915 4070 proposita;
935 4058 955 4109 B
1009 4057 1014 4069 .
1226 4057 1246 4112 fl

152 4059 688 4182 saenisttt‘tttttttst‘t
701 4059 1320 4195 ttttttttfttttttttttttsttt

259 4198 423 4264 „Tollantur
435 4200 517 4253 etiam
530 4199 732 4265 impedimenta,
750 4213 821 4265 quae
839 4197 966 4251 dicuntur
985 4198 1159 4265 cognationis
1171 4198 1273 4264 legalis
1290 4205 1320 4254 et

149 4265 275 4335 justitiae
294 4269 420 4334 publicae
438 4269 604 4335 honestatis;
629 4275 659 4323 et
677 4269 833 4321 minuantur
850 4267 1046 4336 impedimenta
1069 4269 1317 4337 consanguinitatis

153 4343 182 4392 ct
198 4334 369 4391 affinitatis.“
407 4338 525 4406 (Postul.
544 4338 638 4394 Barth.
657 4353 675 4392 a
693 4337 821 4407 Martyr.)
