2946 4942
600 341 640 387 nn
662 340 881 389 manumissa
1257 331 1330 393 2391

160 478 295 562 eligant,
330 479 364 544 in
387 497 452 562 qua
479 480 546 544 vita
575 479 715 561 perfecta
743 481 917 545 communis
948 486 1109 560 servatur3
1143 483 1191 547 sin
1220 484 1324 548 minus

159 564 358 633 conventum
380 567 570 633 Novitiatus.
616 567 722 632 Etiam
744 566 943 645 Definitores,
967 585 1024 633 seu
1046 570 1250 652 desistentes,
1273 571 1323 636 vel

159 652 341 720 consiliarii
371 659 438 720 tam
461 653 644 734 Generales,
679 671 773 736 quam
795 654 1020 736 Provinciales,
1054 657 1088 720 in
1118 658 1323 724 conventibus

158 741 245 808 vitae
279 740 441 824 perfectae
472 742 645 807 communis
680 742 798 806 morari
828 742 975 808 debeant.
1031 742 1149 810 Omnes
1184 744 1323 828 religiosi

159 829 261 895 etiam
282 833 379 894 antea
401 827 545 912 professi,
575 829 683 910 quiin
706 829 852 894 omnibus
874 831 1050 896 enuntiatis
1074 831 1217 897 domibus
1240 851 1323 898 com·

158 921 334 998 morantur,
358 934 429 983 earn
452 917 578 981 omnino
601 933 729 981 servare
751 922 929 982 teneantur.
974 917 1074 984 Nemo
1096 919 1229 999 proinde
1250 919 1323 984 reli·

159 1004 321 1086 giosorum
354 1004 397 1068 ad
429 1003 605 1085 Superioris
639 1001 806 1069 Generalis
841 1022 965 1085 munus,
999 1005 1049 1075 vel
1083 1005 1125 1069 ad
1158 1005 1254 1070 aliam
1284 1025 1323 1071 cx

158 1092 333 1174 majoribus
354 1091 573 1173 quoquomodo
589 1092 779 1172 nuncupatis
802 1092 849 1156 sui
866 1092 994 1158 Ordinis
1018 1092 1225 1174 dignitatibus
1248 1093 1322 1174 eligi

157 1178 276 1258 valeat,
310 1179 372 1243 nisi
395 1179 537 1243 eamdem
571 1177 745 1260 perfectam
776 1180 875 1244 vitam
902 1197 1098 1245 communem
1122 1178 1324 1261 profiteatur;

159 1270 193 1330 et
215 1266 325 1347 quiin
351 1283 503 1348 praesens
530 1265 572 1331 ad
594 1265 712 1330 dictum
739 1284 862 1347 munus,
890 1265 940 1331 vel
962 1267 1134 1349 dignitates
1157 1267 1249 1332 electi
1270 1286 1330 1332 re·

158 1352 337 1435 pariuntur,
370 1353 431 1419 nisi
455 1371 523 1418 eam
555 1352 794 1434 amplectantur,
830 1370 867 1418 eo
890 1356 958 1435 ipso
982 1355 1104 1419 muneri
1127 1372 1184 1420 suo
1206 1373 1327 1420 renun-

159 1440 264 1506 ciasse
283 1439 509 1521 intelligantur.
566 1440 654 1517 Quae
676 1440 771 1504 etiam
800 1441 956 1506 servanda
978 1449 1071 1506 emnt
1097 1441 1202 1522 quoad
1223 1442 1327 1523 Supe->

159 1528 262 1594 riores
283 1527 401 1593 locales
433 1527 575 1608 aliosque
598 1525 750 1593 officiales
780 1528 813 1592 in
835 1527 906 1593 aliis
929 1529 1073 1595 omnibus
1105 1529 1319 1608 conventibus,

158 1616 192 1680 in
215 1615 330 1697 quibus
352 1616 418 1680 vita
439 1614 581 1696 perfecta
603 1615 775 1680 communis
799 1614 1048 1681 constabilietur.

132 1746 137 1753 -
267 1700 417 1768 Ceterum
441 1701 627 1783 Superiores
657 1700 820 1784 regulares
851 1704 883 1766 in
907 1704 991 1767 omni
1013 1704 1168 1784 patientia
1191 1707 1223 1768 et
1246 1701 1321 1769 doc-

158 1790 255 1870 trina,
279 1808 342 1871 qua
364 1789 644 1865 exhortationibus,
669 1807 733 1870 qua
747 1790 955 1869 suasionibus,
980 1790 1081 1855 modis
1104 1791 1247 1855 omnibns
1262 1809 1327 1872 pro-

157 1877 281 1942 viribus
309 1895 420 1943 curare
443 1877 590 1956 debeant,
625 1882 662 1941 ut
683 1893 792 1941 omnes
821 1876 961 1960 religiosi
983 1878 1077 1942 etiam
1098 1879 1164 1960 jam
1186 1876 1321 1959 professi

158 1965 258 2029 vitam
290 1963 464 2045 perfectam
493 1968 689 2030 communem
721 1965 952 2045 quamprimum
988 1965 1232 2047 amplectantur:
1267 1967 1321 2046 qui

157 2069 234 2116 vero
257 2052 429 2132 renuerint,
461 2052 493 2116 in
516 2052 671 2133 separatis
693 2051 899 2117 conventibus
923 2051 1127 2131 collocentur;
1160 2051 1193 2116 bi
1215 2058 1326 2117 tamen

157 2138 223 2219 legi
244 2138 381 2220 depositi
402 2140 435 2202 in
459 2155 556 2220 capsa
584 2139 742 2204 communi
773 2139 900 2204 obnoxii
923 2140 996 2219 sint,
1030 2158 1087 2204 nec
1113 2141 1246 2221 petuma
1273 2141 1321 2205 uti

157 2226 294 2306 valeant,
318 2227 379 2290 nisi
400 2226 441 2290 ad
464 2243 538 2292 suos
561 2227 760 2291 necessarios
787 2226 999 2308 honestosque
1023 2243 1108 2307 usus,
1132 2226 1321 2308 praehabita

157 2330 309 2395 expressa
331 2313 463 2394 singulis
485 2314 605 2379 vicibus
621 2313 791 2393 superioris
813 2313 955 2379 licentia:
979 2314 1109 2396 insuper
1131 2332 1188 2379 nec
1210 2331 1320 2379 vocem

155 2400 318 2483 passivam
347 2400 488 2465 habeant
519 2400 552 2464 in
583 2399 789 2465 electionibus
822 2407 854 2466 et
885 2400 1032 2483 capitulis
1062 2400 1321 2482 provincialibus;

156 2492 303 2553 attamen
333 2489 378 2554 eis
408 2488 612 2569 permittitur,
647 2487 738 2551 utin
770 2487 889 2552 eisdem
917 2488 1164 2569 provincialibus
1194 2487 1320 2553 electio-

154 2574 252 2640 nibus
283 2580 316 2640 et
347 2574 500 2656 capitulis
531 2575 678 2654 activam,
712 2579 869 2656 quatenus
899 2592 937 2638 ea
967 2575 1136 2655 gaudeant,
1173 2593 1319 2640 exercere

154 2661 300 2741 valeant3
334 2680 398 2728 non
431 2668 540 2748 tamen
570 2662 672 2741 iniis,
708 2679 789 2741 quae
812 2663 1042 2727 observantiam
1068 2670 1100 2727 et
1122 2662 1323 2744 disciplinam

154 2749 343 2833 regularem
357 2749 540 2830 respiciunt.

262 2836 435 2902 Praeterea
450 2835 572 2916 expleto
588 2836 750 2918 tyrocinio,
763 2833 980 2916 Neo-professi
995 2853 1058 2900 non
1073 2834 1316 2916 transferantur,

153 2923 219 2988 nisi
248 2923 281 2986 in
315 2924 409 2988 aliam
443 2923 646 2988 reformatam
680 2922 816 3004 domum,
851 2923 905 2987 ubi
938 2924 1045 3004 vigeat
1078 2922 1219 3004 perfecta
1251 2923 1319 2988 vita

155 3011 343 3076 communis:
380 3011 513 3091 quodsi
543 3010 632 3075 nulla
658 3009 723 3074 alia
750 3010 859 3075 domus
886 3009 1057 3075 reformata
1087 3009 1250 3088 habeatur,
1285 3013 1319 3074 in

154 3097 269 3163 eodem
290 3097 463 3163 novitiatus
495 3101 650 3163 conventu
679 3101 899 3178 permaneant:
934 3103 967 3162 et
989 3097 1017 3163 si
1038 3097 1121 3162 idem
1145 3102 1318 3162 conventus

154 3185 195 3251 ob
230 3184 275 3249 ibi
307 3186 489 3266 degentium
524 3184 741 3266 religiosorum
777 3202 952 3262 numerum,
993 3184 1035 3248 ad
1068 3183 1146 3249 alios
1181 3185 1317 3249 novitios

153 3271 351 3353 recipiendos
385 3291 484 3352 capax
515 3290 579 3337 non
601 3272 652 3352 sit,
686 3271 747 3337 hoc
774 3273 842 3352 ipso
877 3271 1010 3336 ulterior
1042 3271 1233 3337 novitiorum
1265 3290 1317 3336 ac-

154 3359 293 3440 ceptatio
328 3360 498 3425 interdicta
531 3364 707 3437 censeatur,
742 3360 843 3430 donec
879 3359 1001 3424 occasio
1031 3359 1133 3440 detur,
1169 3365 1206 3424 nt
1235 3356 1318 3424 Neo-

154 3444 290 3527 professi
311 3447 345 3510 in
376 3447 468 3511 aliam
497 3445 657 3527 perfectae
683 3448 769 3511 vitae
799 3447 971 3510 communis
1003 3446 1130 3510 domurn
1152 3445 1318 3510 transferri

153 3533 317 3598 commode
339 3533 473 3611 valeant,
498 3538 530 3597 et
553 3538 724 3599 conventus
750 3534 923 3598 novitiatus
946 3533 986 3597 ad
1009 3532 1088 3597 alios
1110 3534 1245 3598 novitios
1266 3551 1316 3597 re-

154 3620 315 3701 cipiendos
339 3639 437 3701 capax
459 3620 621 3685 reddatur.

259 3707 309 3771 De
330 3708 450 3789 reliquo
478 3726 548 3772 cum
569 3710 636 3772 vita
663 3707 805 3788 perfecta
833 3708 1003 3772 communis
1030 3709 1063 3770 in
1086 3725 1123 3772 eo
1154 3707 1319 3782 consistat,

153 3799 190 3859 ut
205 3796 290 3860 bona
305 3813 530 3876 quaecumque,
554 3795 687 3872 reditus,
710 3795 932 3873 emolumenta,
957 3794 1081 3875 aliaque
1097 3796 1210 3874 omnia,
1234 3811 1315 3874 quae

152 3883 265 3964 quovis
294 3882 386 3948 titulo
415 3882 570 3963 religiosis
601 3883 779 3959 obveniant,
813 3883 847 3946 in
876 3900 966 3946 usum
989 3880 1154 3962 religiosae
1177 3879 1317 3945 familiae

151 3968 245 4051 plene
262 3968 475 4048 conferantur,
499 3975 532 4034 et
546 3970 650 4050 ipsum
664 3970 790 4049 victum,
813 3970 972 4048 vestitum,
997 3968 1122 4049 aliaque
1136 3970 1316 4033 necessaria

152 4062 357 4121 a'conventu
392 4058 424 4121 in
455 4057 612 4122 communi
643 4057 809 4137 accipiant,
844 4057 1023 4136 superiores
1054 4055 1133 4119 nibil
1162 4056 1244 4136 quod
1272 4057 1314 4119 sit

150 4146 367 4209 necessarium
400 4144 556 4226 religiosis
591 4144 762 4225 denegent,
802 4150 834 4208 et
867 4142 1008 4224 religiosi
1041 4141 1120 4207 nihil
1153 4144 1236 4224 quod
1270 4144 1313 4207 sit

149 4230 348 4312 superfluum
370 4232 511 4314 exigant,
533 4232 666 4312 ideoque
681 4231 895 4311 superioribus
911 4230 1050 4295 charitas
1074 4235 1108 4294 et
1122 4228 1315 4311 sollicitudo,

149 4318 286 4384 subditis
309 4338 385 4385 vero
409 4319 555 4400 religiosa
580 4319 756 4384 moderatio
780 4318 868 4383 enixe
893 4317 1138 4385 commendatur.
1192 4343 1195 4347 ·
