2946 4942
652 345 820 392 rossanam

529 533 927 617 recesserimus
973 486 974 491 ‘

153 694 209 758 UT
234 691 436 758 SOCIETAS
465 691 614 757 SANCTI
638 689 855 757 VINCENTII
885 692 941 757 DE
964 693 1104 759 PAULA
1127 695 1156 759 A
1179 695 1311 762 SAORO

176 795 372 862 OONCILIO
394 794 605 863 VATICANO
628 795 860 861 LAUDETUR
882 796 936 860 ET
959 795 1297 867 COMMENDETUR.

257 939 344 1002 Inter
366 955 463 1018 opera
493 937 621 1018 pietatis
645 946 677 1000 et
705 936 871 1001 charitatis
895 936 1100 1018 christianae,
1130 957 1215 1020 quae
1238 959 1314 1006 aevo·

152 1026 314 1106 praesenti
336 1022 463 1100 florent,
498 1027 704 1104 praecipuum
726 1022 829 1087 locum
857 1025 980 1089 obtinet
1002 1025 1054 1106 pia
1082 1025 1137 1091 illa
1160 1026 1309 1107 Societas,

153 1130 234 1192 quae
256 1113 315 1178 sub
337 1112 461 1176 nominc
485 1109 758 1176 Conferentiarum
789 1110 820 1176 S.
845 1110 1001 1176 Vincentii
1024 1113 1160 1194 primum
1183 1114 1311 1180 Parisiis

150 1204 260 1265 exorta
290 1217 327 1263 ac
359 1199 431 1264 dein
462 1197 624 1262 celerrime
656 1215 714 1279 per
745 1203 846 1263 toturn
875 1196 943 1263 fere
972 1200 1080 1265 orbem
1114 1197 1308 1281 O'atholicnm

70 1294 72 1298 ’
152 1293 328 1368 propagata
350 1288 433 1350 viros
451 1287 645 1367 juvenesque
668 1282 778 1350 fideles
801 1286 884 1350 inter
906 1304 941 1350 se
964 1286 1128 1370 conjungit
1151 1289 1193 1352 ad
1218 1307 1310 1371 opera

153 1373 318 1438 charitatis
341 1380 373 1436 et
395 1371 628 1438 misericordiae
651 1378 717 1436 tarn
740 1373 913 1453 corporalis
932 1391 1027 1454 quam
1050 1376 1227 1455 spiritualis
1250 1395 1309 1442 orn-

152 1461 266 1541 nigena
288 1461 407 1525 viribus
431 1460 527 1524 unitis
551 1460 730 1540 peragenda
752 1460 793 1524 ad
808 1460 986 1542 exemplum
1009 1467 1042 1526 et
1063 1463 1121 1527 sub
1137 1465 1310 1543 patrocinio

152 1545 182 1610 S.
208 1547 363 1612 Vincentii
393 1547 432 1611 de
465 1545 577 1627 Paula,
612 1547 718 1628 magni
748 1547 832 1610 illius
862 1546 1004 1629 Apostoli
1035 1548 1201 1614 charitatis
1232 1549 1311 1617 chri·

168 1635 285 1714 tianae,
310 1653 372 1714 qua
394 1634 503 1698 vivens
520 1632 688 1716 aliquando
711 1635 889 1698 universam
911 1636 1049 1716 patriam
1071 1654 1160 1700 suam
1175 1637 1310 1703 Galliam

151 1723 162 1786 i
186 1722 324 1787 ustravit
346 1729 379 1785 et
402 1720 505 1785 adhuc
528 1726 688 1802 superstes
711 1723 771 1801 piis
794 1721 943 1802 operibus
966 1741 985 1786 a
1007 1739 1042 1787 se
1065 1723 1224 1803 institutis
1246 1715 1311 1791 ubi·

151 1828 212 1889 que
234 1815 390 1873 terrarum
412 1808 587 1873 Ecclesiam
615 1805 770 1874 aedificat.
815 1807 904 1874 Haec
927 1810 1071 1889 societas,
1094 1828 1177 1891 quae
1201 1812 1311 1894 spiritu

151 1913 225 1960 vere
254 1896 409 1961 catholico
444 1897 584 1960 animata
617 1897 649 1959 in
681 1895 829 1976 operibus
861 1897 997 1961 externis
1027 1899 1218 1980 peragendis
1240 1905 1312 1964 ante

152 1983 258 2047 omnia
286 1982 460 2047 animarum
483 1982 617 2047 salutem
646 1983 889 2063 promovendam
913 1983 972 2047 sibi
1002 2001 1132 2066 scopum
1154 1987 1313 2068 proponit,

152 2071 328 2151 operationi
361 2088 438 2134 suae
460 2071 653 2151 provinciam
686 2069 824 2150 amplam
851 2068 1051 2152 fertilemque
1074 2071 1185 2154 elegit,
1217 2091 1311 2154 quum

151 2157 226 2220 socii
249 2158 310 2238 ipsi
343 2174 497 2238 pauperes
528 2161 622 2236 atque
652 2155 792 2220 infirmos
819 2158 948 2222 visitant
974 2162 1069 2238 atque
1099 2160 1310 2239 consolantur,

152 2261 260 2308 eorum
283 2244 464 2324 indigentiis
488 2244 592 2324 quoad
615 2261 728 2324 corpus
752 2249 784 2308 et
807 2244 942 2308 animam
964 2246 1129 2327 providere
1151 2252 1310 2330 satagunt,

151 2330 308 2412 orphanos
341 2337 373 2395 et
396 2348 487 2395 senes
519 2332 550 2395 in
575 2332 817 2396 conservatoriis
849 2338 945 2411 atque
977 2332 1122 2413 hospitiis
1146 2333 1309 2414 collocant,

151 2436 265 2499 pueros
289 2417 453 2482 derelictos
482 2419 600 2482 erudiri
624 2424 751 2497 curant,
781 2418 959 2499 junioribus
990 2416 1153 2500 opificibus
1176 2439 1236 2487 suo
1258 2441 1313 2504 pa·

151 2506 283 2570 trocinio
307 2511 417 2570 contra
447 2503 520 2570 fidei
543 2509 577 2569 et
607 2522 728 2569 morum
752 2505 891 2586 pericula
921 2507 1116 2588 praesidinm
1138 2514 1310 2590 praestant,

150 2591 248 2656 bonos
271 2592 367 2656 libros
397 2609 454 2673 per
476 2591 611 2655 familias
635 2591 838 2671 distribuunt,
872 2594 1076 2658 matrimonia
1098 2613 1186 2661 mere
1210 2595 1312 2661 civiba

70 2670 76 2689 ⁸
151 2685 187 2742 ut
209 2679 422 2743 revalidentur
444 2697 552 2743 curam
575 2684 691 2760 gerunt
713 2679 844 2758 aliisque
866 2679 1041 2747 innumeris
1057 2678 1124 2747 fere
1147 2682 1251 2748 modis
1273 2683 1312 2748 ad

150 2783 324 2847 pauperum
346 2766 506 2830 miseriam
528 2765 754 2831 sublevandam
777 2771 810 2830 et
832 2768 1007 2831 animarum
1030 2769 1165 2834 salntem
1189 2787 1312 2852 promo-

151 2853 286 2916 vendam
309 2852 495 2917 mirabiliter
517 2858 689 2933 operantur
712 2871 857 2918 necnon
880 2855 1063 2935 semetipsos
1079 2873 1137 2938 per
1150 2858 1206 2939 pia
1229 2875 1312 2922 exer·

152 2940 227 3004 uitia
250 2944 283 3004 et
304 2941 388 3004 bona
410 2938 553 3020 exempla
575 2940 707 3004 maxime
730 2940 861 3004 invicem
880 2941 1002 3023 juvant.
1029 3002 1035 3020 ,

257 3027 324 3091 Ista
347 3027 492 3106 societas,
515 3044 597 3107 quae
612 3029 726 3092 bonnm
751 3027 879 3092 odorem
895 3027 1012 3093 Christi
1035 3046 1092 3110 per
1114 3031 1219 3096 socios
1241 3049 1315 3098 suos

153 3124 323 3195 eorumque
347 3133 446 3198 opera
468 3115 583 3195 ubique
614 3111 761 3178 diffundit
783 3121 816 3178 et
839 3116 906 3179 sine
939 3114 1034 3180 dubio
1056 3116 1141 3182 inter
1162 3116 1312 3184 efficacis-

152 3202 231 3265 sima
253 3201 395 3266 remedia
417 3206 512 3282 atqua
534 3201 694 3283 praesidia
714 3201 914 3266 adnumerari
936 3209 1076 3269 meretur
1098 3203 1140 3268 ad
1162 3205 1311 3271 tuendam

152 3289 337 3352 societatem
361 3288 530 3353 humanam
555 3295 666 3354 contra
688 3289 831 3370 ingentia
853 3289 936 3353 mala
959 3308 996 3354 ac
1020 3291 1172 3372 pericula,
1201 3293 1312 3373 quibus

151 3376 302 3440 moderno
327 3382 469 3456 tempore
492 3382 643 3456 exparte
667 3375 835 3441 socialismi
857 3378 997 3456 perversi
1020 3377 1158 3459 undique
1184 3382 1312 3444 circum·

153 3463 256 3542 datur,
276 3463 462 3545 jamdudum
485 3463 712 3545 Episcoporum
735 3481 793 3528 nec
815 3481 878 3527 non
894 3461 1014 3527 Summi
1034 3463 1198 3532 Pontifieis
1221 3465 1313 3532 Sanc·

152 3550 267 3614 tissimi
289 3550 395 3614 Patris
417 3548 466 3613 Pii
488 3549 550 3615 PP.
574 3550 628 3614 lX.
651 3548 783 3615 feliciter
806 3551 982 3632 regnantis,
1013 3569 1033 3615 a
1055 3570 1117 3632 quo
1145 3553 1245 3635 largis
1267 3555 1311 3618 in-

152 3636 384 3717 dulgentiarum
398 3637 569 3718 privilegiis
586 3637 688 3701 ditata
712 3641 770 3715 est,
787 3636 980 3718 peculiarem
996 3639 1311 3706 animadvertendam

152 3727 246 3803 atquc
269 3725 422 3805 insignem
445 3724 696 3788 benevolentiam
719 3725 779 3788 sibi
801 3724 981 3792 vindicavit.
1018 3725 1221 3809 Quapropter
1243 3745 1311 3793 ora-

151 3816 237 3874 tores
261 3809 452 3892 infrascripti
476 3829 647 3890 congruum
671 3829 740 3876 esse
764 3817 894 3876 censent
917 3812 1068 3892 enixeque
1091 3815 1269 3894 postulant,

256 3902 291 3962 ut
324 3898 455 3963 Sacrum
487 3897 661 3963 Concilium
685 3899 872 3963 Vaticanum
907 3897 1071 3964 laudatam
1097 3901 1184 3981 piam
1216 3903 1311 3967 socic-

151 3989 248 4048 tatem
273 3984 304 4049 S.
328 3985 484 4049 Vincentii
506 3985 632 4067 publice
654 3985 785 4049 laudare
808 3990 903 4066 atque
926 3983 1069 4052 fidelibus
1093 3989 1312 4055 commendare

153 4071 311 4152 dignetur.

256 4149 379 4223 Romae
397 4160 466 4224 XII.
490 4159 600 4223 Martii
625 4165 719 4224 1870.

250 4261 336 4325 Huic
353 4263 567 4342 postulationi
590 4261 847 4341 subscripserunt
870 4267 912 4326 30
937 4263 1074 4328 Consilii
1097 4264 1225 4330 Patres.
