<?xml version="1.0" encoding="UTF-8"?>
<!DOCTYPE html PUBLIC "-//W3C//DTD XHTML 1.0 Transitional//EN"
    "http://www.w3.org/TR/xhtml1/DTD/xhtml1-transitional.dtd">
<html xmlns="http://www.w3.org/1999/xhtml" xml:lang="en" lang="en">
 <head>
  <title>
</title>
<meta http-equiv="Content-Type" content="text/html;charset=utf-8" />
  <meta name='ocr-system' content='tesseract 3.04.00' />
  <meta name='ocr-capabilities' content='ocr_page ocr_carea ocr_par ocr_line ocrx_word'/>
</head>
<body>
  <div class='ocr_page' id='page_1' title='image "./omniumconciliiv01martgoog_0099.png"; bbox 0 0 2946 4942; ppageno 0'>
   <div class='ocr_carea' id='block_1_1' title="bbox 658 314 827 363">
    <p class='ocr_par' dir='ltr' id='par_1_1' title="bbox 658 314 827 363">
     <span class='ocr_line' id='line_1_1' title="bbox 658 314 827 363; baseline -0.012 0"><span class='ocrx_word' id='word_1_1' title='bbox 658 314 827 363; x_wconf 78' lang='lat' dir='ltr'><strong>POS&#39;thh‘lh</strong></span> 
     </span>
    </p>
   </div>
   <div class='ocr_carea' id='block_1_2' title="bbox 551 554 919 640">
    <p class='ocr_par' dir='ltr' id='par_1_2' title="bbox 551 554 919 640">
     <span class='ocr_line' id='line_1_2' title="bbox 551 554 919 640; baseline -0.011 0"><span class='ocrx_word' id='word_1_2' title='bbox 551 557 586 640; x_wconf 87' lang='grc'><strong>6.</strong></span> <span class='ocrx_word' id='word_1_3' title='bbox 614 554 919 639; x_wconf 73' lang='lat' dir='ltr'><strong>Postuertam</strong></span> 
     </span>
    </p>
   </div>
   <div class='ocr_carea' id='block_1_3' title="bbox 159 711 1314 868">
    <p class='ocr_par' dir='ltr' id='par_1_3' title="bbox 159 711 1314 868">
     <span class='ocr_line' id='line_1_3' title="bbox 159 711 1314 783; baseline -0.003 0"><span class='ocrx_word' id='word_1_4' title='bbox 159 714 352 783; x_wconf 80' lang='lat' dir='ltr'><strong>EPISGOPI</strong></span> <span class='ocrx_word' id='word_1_5' title='bbox 380 711 790 781; x_wconf 80' lang='lat' dir='ltr'><strong>HALIOARNASSENSIS</strong></span> <span class='ocrx_word' id='word_1_6' title='bbox 818 712 876 778; x_wconf 88' lang='grc' dir='ltr'><strong>ΑΙ)</strong></span> <span class='ocrx_word' id='word_1_7' title='bbox 900 711 1055 780; x_wconf 75' lang='lat' dir='ltr'><strong>vnaius</strong></span> <span class='ocrx_word' id='word_1_8' title='bbox 1078 711 1314 781; x_wconf 67' lang='lat' dir='ltr'><strong>noceamus</strong></span> 
     </span>
     <span class='ocr_line' id='line_1_4' title="bbox 470 797 1041 868; baseline 0 -2"><span class='ocrx_word' id='word_1_9' title='bbox 470 803 528 867; x_wconf 89' lang='lat' dir='ltr'><strong>DE</strong></span> <span class='ocrx_word' id='word_1_10' title='bbox 551 798 755 868; x_wconf 78' lang='lat' dir='ltr'><strong>Eoohnsln</strong></span> <span class='ocrx_word' id='word_1_11' title='bbox 777 797 999 868; x_wconf 84' lang='lat' dir='ltr'><strong>SPEGTANS.</strong></span> <span class='ocrx_word' id='word_1_12' title='bbox 1038 837 1041 840; x_wconf 96' lang='lat'>·</span> 
     </span>
    </p>
   </div>
   <div class='ocr_carea' id='block_1_4' title="bbox 133 914 1316 1215">
    <p class='ocr_par' dir='ltr' id='par_1_4' title="bbox 133 914 1316 1215">
     <span class='ocr_line' id='line_1_5' title="bbox 261 914 1315 1026; baseline -0.001 -1"><span class='ocrx_word' id='word_1_13' title='bbox 261 958 388 1026; x_wconf 75' lang='lat' dir='ltr'><strong>Placeat</strong></span> <span class='ocrx_word' id='word_1_14' title='bbox 410 958 555 1024; x_wconf 41' lang='lat' dir='ltr'><strong>nastes</strong></span> <span class='ocrx_word' id='word_1_15' title='bbox 576 958 665 1023; x_wconf 79' lang='lat' dir='ltr'><strong>aas</strong></span> <span class='ocrx_word' id='word_1_16' title='bbox 680 914 830 1023; x_wconf 71' lang='lat' dir='ltr'><strong>caeneus</strong></span> <span class='ocrx_word' id='word_1_17' title='bbox 846 954 977 1023; x_wconf 79' lang='lat' dir='ltr'><strong>nonam</strong></span> <span class='ocrx_word' id='word_1_18' title='bbox 992 956 1140 1023; x_wconf 82' lang='lat' dir='ltr'><strong>Vaticani</strong></span> <span class='ocrx_word' id='word_1_19' title='bbox 1155 957 1315 1025; x_wconf 64' lang='lat' dir='ltr'><strong>neuras</strong></span> 
     </span>
     <span class='ocr_line' id='line_1_6' title="bbox 153 1053 1007 1131; baseline -0.006 -17"><span class='ocrx_word' id='word_1_20' title='bbox 153 1066 236 1131; x_wconf 87' lang='lat' dir='ltr'><strong>quae</strong></span> <span class='ocrx_word' id='word_1_21' title='bbox 260 1053 451 1129; x_wconf 87' lang='lat' dir='ltr'><strong>sequuntur:</strong></span> <span class='ocrx_word' id='word_1_22' title='bbox 1004 1118 1007 1124; x_wconf 91' lang='lat'><em>.</em></span> 
     </span>
     <span class='ocr_line' id='line_1_7' title="bbox 133 1130 1316 1215; baseline 0 -16"><span class='ocrx_word' id='word_1_23' title='bbox 133 1160 144 1169; x_wconf 92' lang='lat'>·</span> <span class='ocrx_word' id='word_1_24' title='bbox 266 1140 292 1202; x_wconf 90' lang='grc'><strong>1.</strong></span> <span class='ocrx_word' id='word_1_25' title='bbox 306 1133 405 1198; x_wconf 85' lang='lat' dir='ltr'><strong>Civile</strong></span> <span class='ocrx_word' id='word_1_26' title='bbox 426 1131 602 1214; x_wconf 89' lang='lat' dir='ltr'><strong>imperium,</strong></span> <span class='ocrx_word' id='word_1_27' title='bbox 626 1149 687 1213; x_wconf 89' lang='lat' dir='ltr'><strong>quo</strong></span> <span class='ocrx_word' id='word_1_28' title='bbox 702 1130 816 1197; x_wconf 82' lang='lat' dir='ltr'><strong>Pastor</strong></span> <span class='ocrx_word' id='word_1_29' title='bbox 830 1130 1033 1212; x_wconf 83' lang='lat' dir='ltr'><strong>Apostohcus</strong></span> <span class='ocrx_word' id='word_1_30' title='bbox 1054 1130 1175 1198; x_wconf 86' lang='lat' dir='ltr'><strong>Romae</strong></span> <span class='ocrx_word' id='word_1_31' title='bbox 1196 1132 1316 1215; x_wconf 88' lang='lat' dir='ltr'><strong>potitur</strong></span> 
     </span>
    </p>
   </div>
   <div class='ocr_carea' id='block_1_5' title="bbox 153 1217 1351 2001">
    <p class='ocr_par' dir='ltr' id='par_1_5' title="bbox 153 1217 1351 1636">
     <span class='ocr_line' id='line_1_8' title="bbox 154 1217 1316 1301; baseline -0.001 -13"><span class='ocrx_word' id='word_1_32' title='bbox 154 1222 205 1288; x_wconf 90' lang='lat' dir='ltr'><strong>ita</strong></span> <span class='ocrx_word' id='word_1_33' title='bbox 235 1225 272 1287; x_wconf 93' lang='lat' dir='ltr'><strong>ut</strong></span> <span class='ocrx_word' id='word_1_34' title='bbox 301 1221 380 1286; x_wconf 92' lang='lat' dir='ltr'><strong>nulli</strong></span> <span class='ocrx_word' id='word_1_35' title='bbox 402 1220 540 1301; x_wconf 91' lang='lat' dir='ltr'><strong>Principi</strong></span> <span class='ocrx_word' id='word_1_36' title='bbox 568 1218 705 1284; x_wconf 88' lang='lat' dir='ltr'><strong>humano</strong></span> <span class='ocrx_word' id='word_1_37' title='bbox 735 1218 915 1301; x_wconf 87' lang='lat' dir='ltr'><strong>subjaceat,</strong></span> <span class='ocrx_word' id='word_1_38' title='bbox 939 1218 982 1284; x_wconf 90' lang='lat' dir='ltr'><strong>ad</strong></span> <span class='ocrx_word' id='word_1_39' title='bbox 1002 1217 1137 1284; x_wconf 84' lang='lat' dir='ltr'>liberam</span> <span class='ocrx_word' id='word_1_40' title='bbox 1158 1218 1316 1287; x_wconf 72' lang='lat' dir='ltr'>Ecclesiae</span> 
     </span>
     <span class='ocr_line' id='line_1_9' title="bbox 153 1305 1317 1391; baseline 0.001 -17"><span class='ocrx_word' id='word_1_41' title='bbox 153 1307 343 1374; x_wconf 81' lang='lat' dir='ltr'><strong>Catholicae</strong></span> <span class='ocrx_word' id='word_1_42' title='bbox 363 1307 670 1373; x_wconf 83' lang='lat' dir='ltr'><strong>administrationem</strong></span> <span class='ocrx_word' id='word_1_43' title='bbox 692 1305 938 1387; x_wconf 86' lang='lat' dir='ltr'><strong>indispensabile</strong></span> <span class='ocrx_word' id='word_1_44' title='bbox 960 1310 1019 1386; x_wconf 89' lang='lat' dir='ltr'><strong>est,</strong></span> <span class='ocrx_word' id='word_1_45' title='bbox 1036 1311 1068 1372; x_wconf 91' lang='lat' dir='ltr'><strong>et</strong></span> <span class='ocrx_word' id='word_1_46' title='bbox 1083 1305 1317 1391; x_wconf 84' lang='lat' dir='ltr'><strong>omnibusjuri·</strong></span> 
     </span>
     <span class='ocr_line' id='line_1_10' title="bbox 156 1392 1316 1477; baseline -0.001 -16"><span class='ocrx_word' id='word_1_47' title='bbox 156 1396 216 1461; x_wconf 90' lang='lat' dir='ltr'><strong>bus</strong></span> <span class='ocrx_word' id='word_1_48' title='bbox 239 1394 376 1474; x_wconf 82' lang='lat' dir='ltr'><strong>lultnm3</strong></span> <span class='ocrx_word' id='word_1_49' title='bbox 398 1395 483 1459; x_wconf 89' lang='lat' dir='ltr'><strong>uude</strong></span> <span class='ocrx_word' id='word_1_50' title='bbox 505 1393 599 1477; x_wconf 91' lang='lat' dir='ltr'><strong>hujus</strong></span> <span class='ocrx_word' id='word_1_51' title='bbox 621 1393 745 1474; x_wconf 92' lang='lat' dir='ltr'><strong>imperii</strong></span> <span class='ocrx_word' id='word_1_52' title='bbox 766 1392 874 1472; x_wconf 88' lang='lat' dir='ltr'><strong>laesio,</strong></span> <span class='ocrx_word' id='word_1_53' title='bbox 899 1392 1032 1475; x_wconf 84' lang='lat' dir='ltr'><strong>direptio</strong></span> <span class='ocrx_word' id='word_1_54' title='bbox 1060 1398 1117 1458; x_wconf 90' lang='lat' dir='ltr'><strong>aut</strong></span> <span class='ocrx_word' id='word_1_55' title='bbox 1138 1393 1316 1461; x_wconf 90' lang='lat' dir='ltr'><strong>immutatio</strong></span> 
     </span>
     <span class='ocr_line' id='line_1_11' title="bbox 153 1478 1351 1563; baseline -0.002 -14"><span class='ocrx_word' id='word_1_56' title='bbox 153 1483 225 1549; x_wconf 89' lang='lat' dir='ltr'><strong>sine</strong></span> <span class='ocrx_word' id='word_1_57' title='bbox 248 1482 413 1563; x_wconf 85' lang='lat' dir='ltr'><strong>sacrilegio</strong></span> <span class='ocrx_word' id='word_1_58' title='bbox 436 1485 469 1546; x_wconf 89' lang='lat' dir='ltr'><strong>et</strong></span> <span class='ocrx_word' id='word_1_59' title='bbox 489 1481 653 1546; x_wconf 89' lang='lat' dir='ltr'><strong>latrocinio</strong></span> <span class='ocrx_word' id='word_1_60' title='bbox 675 1478 743 1545; x_wconf 89' lang='lat' dir='ltr'><strong>fieri</strong></span> <span class='ocrx_word' id='word_1_61' title='bbox 765 1481 885 1562; x_wconf 88' lang='lat' dir='ltr'><strong>nequit,</strong></span> <span class='ocrx_word' id='word_1_62' title='bbox 909 1485 942 1545; x_wconf 93' lang='lat' dir='ltr'><strong>et</strong></span> <span class='ocrx_word' id='word_1_63' title='bbox 959 1498 1050 1546; x_wconf 91' lang='lat' dir='ltr'><strong>reum</strong></span> <span class='ocrx_word' id='word_1_64' title='bbox 1064 1499 1085 1546; x_wconf 93' lang='lat' dir='ltr'><strong>a</strong></span> <span class='ocrx_word' id='word_1_65' title='bbox 1100 1481 1316 1548; x_wconf 84' lang='lat' dir='ltr'><strong>communione</strong></span> <span class='ocrx_word' id='word_1_66' title='bbox 1348 1526 1351 1531; x_wconf 92' lang='lat'>-</span> 
     </span>
     <span class='ocr_line' id='line_1_12' title="bbox 155 1568 489 1636; baseline -0.003 0"><span class='ocrx_word' id='word_1_67' title='bbox 155 1569 316 1636; x_wconf 84' lang='lat' dir='ltr'><strong>Ecclesiae</strong></span> <span class='ocrx_word' id='word_1_68' title='bbox 339 1568 489 1635; x_wconf 86' lang='lat' dir='ltr'><strong>excludit.</strong></span> 
     </span>
    </p>

    <p class='ocr_par' dir='ltr' id='par_1_6' title="bbox 153 1654 1317 2001">
     <span class='ocr_line' id='line_1_13' title="bbox 262 1654 1316 1738; baseline -0.001 -16"><span class='ocrx_word' id='word_1_69' title='bbox 262 1662 292 1722; x_wconf 82' lang='lat'><strong>2.</strong></span> <span class='ocrx_word' id='word_1_70' title='bbox 326 1657 429 1738; x_wconf 83' lang='lat' dir='ltr'><strong>Reges</strong></span> <span class='ocrx_word' id='word_1_71' title='bbox 463 1654 650 1737; x_wconf 80' lang='lat' dir='ltr'><strong>Christiani,</strong></span> <span class='ocrx_word' id='word_1_72' title='bbox 688 1673 752 1720; x_wconf 92' lang='lat' dir='ltr'><strong>non</strong></span> <span class='ocrx_word' id='word_1_73' title='bbox 786 1655 891 1719; x_wconf 91' lang='lat' dir='ltr'><strong>minua</strong></span> <span class='ocrx_word' id='word_1_74' title='bbox 925 1673 1022 1736; x_wconf 90' lang='lat' dir='ltr'><strong>quam</strong></span> <span class='ocrx_word' id='word_1_75' title='bbox 1054 1672 1166 1720; x_wconf 91' lang='lat' dir='ltr'><strong>eorum</strong></span> <span class='ocrx_word' id='word_1_76' title='bbox 1200 1654 1316 1722; x_wconf 88' lang='lat' dir='ltr'><strong>subditi</strong></span> 
     </span>
     <span class='ocr_line' id='line_1_14' title="bbox 153 1741 1317 1825; baseline -0.001 -15"><span class='ocrx_word' id='word_1_77' title='bbox 153 1742 330 1825; x_wconf 84' lang='lat' dir='ltr'><strong>christiani,</strong></span> <span class='ocrx_word' id='word_1_78' title='bbox 378 1743 482 1824; x_wconf 81' lang='lat' dir='ltr'><strong>Capiti</strong></span> <span class='ocrx_word' id='word_1_79' title='bbox 510 1741 674 1808; x_wconf 85' lang='lat' dir='ltr'><strong>Ecclesiae</strong></span> <span class='ocrx_word' id='word_1_80' title='bbox 700 1741 879 1807; x_wconf 88' lang='lat' dir='ltr'><strong>subduntur</strong></span> <span class='ocrx_word' id='word_1_81' title='bbox 909 1747 944 1806; x_wconf 90' lang='lat' dir='ltr'><strong>et</strong></span> <span class='ocrx_word' id='word_1_82' title='bbox 966 1741 1180 1808; x_wconf 90' lang='lat' dir='ltr'><strong>obedientiam</strong></span> <span class='ocrx_word' id='word_1_83' title='bbox 1202 1741 1317 1809; x_wconf 86' lang='lat' dir='ltr'><strong>debent</strong></span> 
     </span>
     <span class='ocr_line' id='line_1_15' title="bbox 156 1828 1316 1923; baseline 0 -26"><span class='ocrx_word' id='word_1_84' title='bbox 156 1832 190 1897; x_wconf 91' lang='lat' dir='ltr'><strong>in</strong></span> <span class='ocrx_word' id='word_1_85' title='bbox 222 1831 372 1923; x_wconf 82' lang='lat' dir='ltr'><strong>omnibus</strong></span> <span class='ocrx_word' id='word_1_86' title='bbox 394 1831 487 1895; x_wconf 89' lang='lat' dir='ltr'><strong>rebus</strong></span> <span class='ocrx_word' id='word_1_87' title='bbox 516 1830 738 1894; x_wconf 89' lang='lat' dir='ltr'><strong>conscientiam</strong></span> <span class='ocrx_word' id='word_1_88' title='bbox 766 1829 919 1895; x_wconf 85' lang='lat' dir='ltr'><strong>moralem</strong></span> <span class='ocrx_word' id='word_1_89' title='bbox 941 1829 1081 1913; x_wconf 88' lang='lat' dir='ltr'><strong>ipsorum</strong></span> <span class='ocrx_word' id='word_1_90' title='bbox 1104 1828 1316 1910; x_wconf 87' lang='lat' dir='ltr'><strong>cernentibus,</strong></span> 
     </span>
     <span class='ocr_line' id='line_1_16' title="bbox 154 1917 876 2001; baseline -0.004 -17"><span class='ocrx_word' id='word_1_91' title='bbox 154 1936 232 2001; x_wconf 82' lang='lat' dir='ltr'><strong>ergo</strong></span> <span class='ocrx_word' id='word_1_92' title='bbox 255 1918 350 1982; x_wconf 90' lang='lat' dir='ltr'><strong>etiam</strong></span> <span class='ocrx_word' id='word_1_93' title='bbox 373 1918 405 1982; x_wconf 94' lang='lat' dir='ltr'><strong>in</strong></span> <span class='ocrx_word' id='word_1_94' title='bbox 429 1917 578 1982; x_wconf 84' lang='lat' dir='ltr'><strong>exercitio</strong></span> <span class='ocrx_word' id='word_1_95' title='bbox 601 1933 676 1981; x_wconf 91' lang='lat' dir='ltr'><strong>suae</strong></span> <span class='ocrx_word' id='word_1_96' title='bbox 699 1917 876 1998; x_wconf 87' lang='lat' dir='ltr'><strong>potestatis.</strong></span> 
     </span>
    </p>
   </div>
   <div class='ocr_carea' id='block_1_6' title="bbox 259 2038 784 2106">
    <p class='ocr_par' dir='ltr' id='par_1_7' title="bbox 259 2038 784 2106">
     <span class='ocr_line' id='line_1_17' title="bbox 259 2038 784 2106; baseline -0.004 -2"><span class='ocrx_word' id='word_1_97' title='bbox 259 2039 379 2106; x_wconf 90' lang='lat' dir='ltr'><strong>Romae</strong></span> <span class='ocrx_word' id='word_1_98' title='bbox 400 2038 452 2105; x_wconf 90' lang='lat' dir='ltr'><strong>die</strong></span> <span class='ocrx_word' id='word_1_99' title='bbox 475 2044 494 2105; x_wconf 87' lang='lat'>8</span> <span class='ocrx_word' id='word_1_100' title='bbox 518 2038 663 2105; x_wconf 80' lang='lat' dir='ltr'><strong>tannarii</strong></span> <span class='ocrx_word' id='word_1_101' title='bbox 689 2043 784 2104; x_wconf 81' lang='lat'><strong>1870.</strong></span> 
     </span>
    </p>
   </div>
   <div class='ocr_carea' id='block_1_7' title="bbox 489 2471 977 2556">
    <p class='ocr_par' dir='ltr' id='par_1_8' title="bbox 489 2471 977 2556">
     <span class='ocr_line' id='line_1_18' title="bbox 489 2471 977 2556; baseline -0.006 -16"><span class='ocrx_word' id='word_1_102' title='bbox 489 2473 541 2540; x_wconf 87' lang='lat' dir='ltr'><strong>De</strong></span> <span class='ocrx_word' id='word_1_103' title='bbox 558 2477 717 2556; x_wconf 78' lang='lat' dir='ltr'><strong>potestate</strong></span> <span class='ocrx_word' id='word_1_104' title='bbox 739 2471 977 2539; x_wconf 80' lang='lat' dir='ltr'><strong>Ecclesiastico.</strong></span> 
     </span>
    </p>
   </div>
   <div class='ocr_carea' id='block_1_8' title="bbox 151 2593 1315 4073">
    <p class='ocr_par' dir='ltr' id='par_1_9' title="bbox 153 2593 1315 2765">
     <span class='ocr_line' id='line_1_19' title="bbox 259 2593 1315 2678; baseline 0.003 -19"><span class='ocrx_word' id='word_1_105' title='bbox 259 2594 390 2662; x_wconf 86' lang='lat' dir='ltr'><strong>Placeat</strong></span> <span class='ocrx_word' id='word_1_106' title='bbox 421 2596 577 2663; x_wconf 89' lang='lat' dir='ltr'><strong>Vaticano</strong></span> <span class='ocrx_word' id='word_1_107' title='bbox 612 2594 751 2663; x_wconf 78' lang='lat' dir='ltr'><strong>Concilio</strong></span> <span class='ocrx_word' id='word_1_108' title='bbox 790 2593 1000 2662; x_wconf 89' lang='lat' dir='ltr'><strong>Oecnmenico</strong></span> <span class='ocrx_word' id='word_1_109' title='bbox 1036 2593 1201 2663; x_wconf 91' lang='lat' dir='ltr'><strong>declarare</strong></span> <span class='ocrx_word' id='word_1_110' title='bbox 1235 2613 1315 2678; x_wconf 86' lang='lat' dir='ltr'><strong>qnae</strong></span> 
     </span>
     <span class='ocr_line' id='line_1_20' title="bbox 153 2687 352 2765; baseline -0.01 -17"><span class='ocrx_word' id='word_1_111' title='bbox 153 2687 352 2765; x_wconf 83' lang='lat' dir='ltr'><strong>sequuntur:</strong></span> 
     </span>
    </p>

    <p class='ocr_par' dir='ltr' id='par_1_10' title="bbox 151 2767 1315 3463">
     <span class='ocr_line' id='line_1_21' title="bbox 261 2767 1315 2852; baseline 0.002 -17"><span class='ocrx_word' id='word_1_112' title='bbox 261 2776 290 2835; x_wconf 92' lang='grc'><strong>1.</strong></span> <span class='ocrx_word' id='word_1_113' title='bbox 323 2770 468 2836; x_wconf 85' lang='lat' dir='ltr'><strong>Ecclesia</strong></span> <span class='ocrx_word' id='word_1_114' title='bbox 490 2775 527 2835; x_wconf 91' lang='lat' dir='ltr'><strong>ut</strong></span> <span class='ocrx_word' id='word_1_115' title='bbox 548 2770 684 2836; x_wconf 90' lang='lat' dir='ltr'><strong>societas</strong></span> <span class='ocrx_word' id='word_1_116' title='bbox 707 2767 846 2852; x_wconf 81' lang='lat' dir='ltr'><strong>perfecta</strong></span> <span class='ocrx_word' id='word_1_117' title='bbox 867 2787 888 2834; x_wconf 93' lang='lat' dir='ltr'><strong>a</strong></span> <span class='ocrx_word' id='word_1_118' title='bbox 910 2768 1036 2835; x_wconf 78' lang='lat' dir='ltr'><strong>Christo</strong></span> <span class='ocrx_word' id='word_1_119' title='bbox 1060 2769 1197 2836; x_wconf 92' lang='lat' dir='ltr'><strong>Domino</strong></span> <span class='ocrx_word' id='word_1_120' title='bbox 1224 2770 1315 2837; x_wconf 79' lang='lat' dir='ltr'><strong>insti·</strong></span> 
     </span>
     <span class='ocr_line' id='line_1_22' title="bbox 153 2855 1314 2940; baseline 0.003 -19"><span class='ocrx_word' id='word_1_121' title='bbox 153 2860 236 2934; x_wconf 86' lang='lat' dir='ltr'><strong>tuta,</strong></span> <span class='ocrx_word' id='word_1_122' title='bbox 261 2855 458 2923; x_wconf 84' lang='lat' dir='ltr'><strong>Gubernium</strong></span> <span class='ocrx_word' id='word_1_123' title='bbox 488 2857 584 2922; x_wconf 88' lang='lat' dir='ltr'><strong>habet</strong></span> <span class='ocrx_word' id='word_1_124' title='bbox 619 2875 638 2922; x_wconf 94' lang='lat' dir='ltr'><strong>a</strong></span> <span class='ocrx_word' id='word_1_125' title='bbox 667 2861 828 2940; x_wconf 88' lang='lat' dir='ltr'><strong>potestate</strong></span> <span class='ocrx_word' id='word_1_126' title='bbox 852 2855 935 2922; x_wconf 89' lang='lat' dir='ltr'><strong>civili</strong></span> <span class='ocrx_word' id='word_1_127' title='bbox 965 2856 1149 2922; x_wconf 87' lang='lat' dir='ltr'><strong>distinctum</strong></span> <span class='ocrx_word' id='word_1_128' title='bbox 1172 2862 1206 2922; x_wconf 90' lang='lat' dir='ltr'><strong>et</strong></span> <span class='ocrx_word' id='word_1_129' title='bbox 1228 2858 1314 2924; x_wconf 90' lang='lat' dir='ltr'><strong>inde·</strong></span> 
     </span>
     <span class='ocr_line' id='line_1_23' title="bbox 154 2942 1315 3027; baseline 0.002 -19"><span class='ocrx_word' id='word_1_130' title='bbox 154 2943 308 3027; x_wconf 88' lang='lat' dir='ltr'><strong>pendens,</strong></span> <span class='ocrx_word' id='word_1_131' title='bbox 342 2962 400 3009; x_wconf 88' lang='lat' dir='ltr'><strong>nec</strong></span> <span class='ocrx_word' id='word_1_132' title='bbox 434 2946 473 3011; x_wconf 95' lang='lat' dir='ltr'><strong>ab</strong></span> <span class='ocrx_word' id='word_1_133' title='bbox 509 2945 572 3009; x_wconf 89' lang='lat' dir='ltr'><strong>ista</strong></span> <span class='ocrx_word' id='word_1_134' title='bbox 608 2945 727 3027; x_wconf 86' lang='lat' dir='ltr'><strong>privari</strong></span> <span class='ocrx_word' id='word_1_135' title='bbox 760 2948 866 3025; x_wconf 88' lang='lat' dir='ltr'><strong>potest</strong></span> <span class='ocrx_word' id='word_1_136' title='bbox 899 2961 958 3008; x_wconf 90' lang='lat' dir='ltr'><strong>aua</strong></span> <span class='ocrx_word' id='word_1_137' title='bbox 987 2943 1129 3024; x_wconf 85' lang='lat' dir='ltr'><strong>legitima</strong></span> <span class='ocrx_word' id='word_1_138' title='bbox 1161 2942 1315 3010; x_wconf 80' lang='lat' dir='ltr'><strong>facultate</strong></span> 
     </span>
     <span class='ocr_line' id='line_1_24' title="bbox 152 3029 1315 3115; baseline -0.001 -17"><span class='ocrx_word' id='word_1_139' title='bbox 152 3031 319 3111; x_wconf 74' lang='lat' dir='ltr'><strong>ersendi,</strong></span> <span class='ocrx_word' id='word_1_140' title='bbox 344 3031 471 3115; x_wconf 84' lang='lat' dir='ltr'><strong>agendi,</strong></span> <span class='ocrx_word' id='word_1_141' title='bbox 494 3030 581 3114; x_wconf 89' lang='lat' dir='ltr'><strong>leges</strong></span> <span class='ocrx_word' id='word_1_142' title='bbox 603 3029 732 3112; x_wconf 83' lang='lat' dir='ltr'><strong>ferendi,</strong></span> <span class='ocrx_word' id='word_1_143' title='bbox 755 3031 900 3112; x_wconf 90' lang='lat' dir='ltr'><strong>bonaque</strong></span> <span class='ocrx_word' id='word_1_144' title='bbox 922 3031 1110 3112; x_wconf 90' lang='lat' dir='ltr'><strong>temporalia</strong></span> <span class='ocrx_word' id='word_1_145' title='bbox 1131 3048 1189 3112; x_wconf 89' lang='lat' dir='ltr'><strong>pro</strong></span> <span class='ocrx_word' id='word_1_146' title='bbox 1206 3048 1315 3114; x_wconf 88' lang='lat' dir='ltr'><strong>super·</strong></span> 
     </span>
     <span class='ocr_line' id='line_1_25' title="bbox 153 3117 1314 3200; baseline 0.002 -17"><span class='ocrx_word' id='word_1_147' title='bbox 153 3120 203 3184; x_wconf 92' lang='lat' dir='ltr'><strong>nis</strong></span> <span class='ocrx_word' id='word_1_148' title='bbox 235 3117 351 3184; x_wconf 90' lang='lat' dir='ltr'><strong>linibus</strong></span> <span class='ocrx_word' id='word_1_149' title='bbox 386 3119 453 3184; x_wconf 89' lang='lat' dir='ltr'><strong>auis</strong></span> <span class='ocrx_word' id='word_1_150' title='bbox 476 3118 667 3200; x_wconf 90' lang='lat' dir='ltr'><strong>acquirendi,</strong></span> <span class='ocrx_word' id='word_1_151' title='bbox 689 3117 872 3200; x_wconf 89' lang='lat' dir='ltr'><strong>possidendi</strong></span> <span class='ocrx_word' id='word_1_152' title='bbox 894 3122 927 3183; x_wconf 91' lang='lat' dir='ltr'><strong>et</strong></span> <span class='ocrx_word' id='word_1_153' title='bbox 949 3118 1090 3200; x_wconf 81' lang='lat' dir='ltr'><strong>gerendi.</strong></span> <span class='ocrx_word' id='word_1_154' title='bbox 1135 3119 1314 3186; x_wconf 77' lang='lat' dir='ltr'><strong>Ecclesiam</strong></span> 
     </span>
     <span class='ocr_line' id='line_1_26' title="bbox 151 3205 1313 3288; baseline 0.003 -17"><span class='ocrx_word' id='word_1_155' title='bbox 151 3210 261 3272; x_wconf 91' lang='lat' dir='ltr'><strong>autem</strong></span> <span class='ocrx_word' id='word_1_156' title='bbox 277 3206 528 3288; x_wconf 88' lang='lat' dir='ltr'><strong>possessionibus</strong></span> <span class='ocrx_word' id='word_1_157' title='bbox 544 3206 609 3272; x_wconf 92' lang='lat' dir='ltr'><strong>suis</strong></span> <span class='ocrx_word' id='word_1_158' title='bbox 624 3205 760 3287; x_wconf 90' lang='lat' dir='ltr'><strong>spoliare</strong></span> <span class='ocrx_word' id='word_1_159' title='bbox 775 3205 976 3286; x_wconf 79' lang='lat' dir='ltr'><strong>sacrilegium</strong></span> <span class='ocrx_word' id='word_1_160' title='bbox 991 3209 1040 3270; x_wconf 90' lang='lat' dir='ltr'><strong>est</strong></span> <span class='ocrx_word' id='word_1_161' title='bbox 1055 3209 1088 3270; x_wconf 88' lang='lat' dir='ltr'><strong>et</strong></span> <span class='ocrx_word' id='word_1_162' title='bbox 1103 3206 1313 3287; x_wconf 80' lang='lat' dir='ltr'><strong>latrocinium,</strong></span> 
     </span>
     <span class='ocr_line' id='line_1_27' title="bbox 151 3292 1315 3374; baseline 0 -16"><span class='ocrx_word' id='word_1_163' title='bbox 151 3293 334 3374; x_wconf 88' lang='lat' dir='ltr'><strong>ordinisque</strong></span> <span class='ocrx_word' id='word_1_164' title='bbox 353 3292 479 3359; x_wconf 89' lang='lat' dir='ltr'><strong>sociahs</strong></span> <span class='ocrx_word' id='word_1_165' title='bbox 502 3293 632 3373; x_wconf 85' lang='lat' dir='ltr'><strong>eversio,</strong></span> <span class='ocrx_word' id='word_1_166' title='bbox 651 3297 748 3374; x_wconf 89' lang='lat' dir='ltr'><strong>atque</strong></span> <span class='ocrx_word' id='word_1_167' title='bbox 763 3292 1016 3358; x_wconf 89' lang='lat' dir='ltr'><strong>maledictionem</strong></span> <span class='ocrx_word' id='word_1_168' title='bbox 1032 3293 1170 3359; x_wconf 87' lang='lat' dir='ltr'><strong>divinam</strong></span> <span class='ocrx_word' id='word_1_169' title='bbox 1178 3292 1315 3368; x_wconf 82' lang='lat' dir='ltr'><strong>attrahit</strong></span> 
     </span>
     <span class='ocr_line' id='line_1_28' title="bbox 153 3379 1006 3463; baseline 0 -19"><span class='ocrx_word' id='word_1_170' title='bbox 153 3380 221 3445; x_wconf 82' lang='lat' dir='ltr'><strong>sire</strong></span> <span class='ocrx_word' id='word_1_171' title='bbox 244 3379 406 3462; x_wconf 83' lang='lat' dir='ltr'><strong>guberniis</strong></span> <span class='ocrx_word' id='word_1_172' title='bbox 429 3381 494 3446; x_wconf 85' lang='lat' dir='ltr'><strong>aive</strong></span> <span class='ocrx_word' id='word_1_173' title='bbox 516 3381 648 3463; x_wconf 87' lang='lat' dir='ltr'><strong>privatis</strong></span> <span class='ocrx_word' id='word_1_174' title='bbox 671 3381 704 3446; x_wconf 93' lang='lat' dir='ltr'><strong>id</strong></span> <span class='ocrx_word' id='word_1_175' title='bbox 728 3380 1006 3446; x_wconf 88' lang='lat' dir='ltr'><strong>committentibus.</strong></span> 
     </span>
    </p>

    <p class='ocr_par' dir='ltr' id='par_1_11' title="bbox 153 3465 1315 3810">
     <span class='ocr_line' id='line_1_29' title="bbox 261 3465 1315 3535; baseline 0.003 -3"><span class='ocrx_word' id='word_1_176' title='bbox 261 3471 291 3532; x_wconf 80' lang='lat'><strong>2.</strong></span> <span class='ocrx_word' id='word_1_177' title='bbox 325 3465 473 3532; x_wconf 89' lang='lat' dir='ltr'><strong>Potestas</strong></span> <span class='ocrx_word' id='word_1_178' title='bbox 496 3467 709 3534; x_wconf 89' lang='lat' dir='ltr'><strong>ecclesiastica</strong></span> <span class='ocrx_word' id='word_1_179' title='bbox 723 3466 862 3532; x_wconf 90' lang='lat' dir='ltr'><strong>fidelium</strong></span> <span class='ocrx_word' id='word_1_180' title='bbox 877 3468 1102 3533; x_wconf 89' lang='lat' dir='ltr'><strong>conscientiam</strong></span> <span class='ocrx_word' id='word_1_181' title='bbox 1117 3467 1216 3532; x_wconf 88' lang='lat' dir='ltr'><strong>etiarn</strong></span> <span class='ocrx_word' id='word_1_182' title='bbox 1230 3469 1315 3535; x_wconf 87' lang='lat' dir='ltr'><strong>circa</strong></span> 
     </span>
     <span class='ocr_line' id='line_1_30' title="bbox 154 3553 1315 3638; baseline 0.004 -20"><span class='ocrx_word' id='word_1_183' title='bbox 154 3572 262 3619; x_wconf 90' lang='lat' dir='ltr'><strong>rerum</strong></span> <span class='ocrx_word' id='word_1_184' title='bbox 283 3554 502 3636; x_wconf 90' lang='lat' dir='ltr'><strong>temporalium</strong></span> <span class='ocrx_word' id='word_1_185' title='bbox 525 3572 617 3620; x_wconf 90' lang='lat' dir='ltr'><strong>usum</strong></span> <span class='ocrx_word' id='word_1_186' title='bbox 640 3554 853 3638; x_wconf 82' lang='lat' dir='ltr'><strong>obstringere,</strong></span> <span class='ocrx_word' id='word_1_187' title='bbox 881 3559 913 3620; x_wconf 90' lang='lat' dir='ltr'><strong>et</strong></span> <span class='ocrx_word' id='word_1_188' title='bbox 934 3553 1041 3636; x_wconf 85' lang='lat' dir='ltr'><strong>legum</strong></span> <span class='ocrx_word' id='word_1_189' title='bbox 1063 3572 1194 3620; x_wconf 92' lang='lat' dir='ltr'><strong>suarum</strong></span> <span class='ocrx_word' id='word_1_190' title='bbox 1216 3556 1315 3622; x_wconf 86' lang='lat' dir='ltr'><strong>viola·</strong></span> 
     </span>
     <span class='ocr_line' id='line_1_31' title="bbox 154 3641 1314 3724; baseline 0.004 -19"><span class='ocrx_word' id='word_1_191' title='bbox 154 3645 241 3706; x_wconf 90' lang='lat' dir='ltr'><strong>tores</strong></span> <span class='ocrx_word' id='word_1_192' title='bbox 263 3642 374 3723; x_wconf 86' lang='lat' dir='ltr'><strong>poenis</strong></span> <span class='ocrx_word' id='word_1_193' title='bbox 396 3641 492 3708; x_wconf 89' lang='lat' dir='ltr'><strong>etiam</strong></span> <span class='ocrx_word' id='word_1_194' title='bbox 513 3641 742 3724; x_wconf 90' lang='lat' dir='ltr'><strong>temporalibus</strong></span> <span class='ocrx_word' id='word_1_195' title='bbox 765 3661 908 3708; x_wconf 89' lang='lat' dir='ltr'><strong>coercere</strong></span> <span class='ocrx_word' id='word_1_196' title='bbox 930 3647 1055 3724; x_wconf 92' lang='lat' dir='ltr'><strong>potest,</strong></span> <span class='ocrx_word' id='word_1_197' title='bbox 1086 3643 1207 3724; x_wconf 85' lang='lat' dir='ltr'><strong>absque</strong></span> <span class='ocrx_word' id='word_1_198' title='bbox 1229 3643 1314 3710; x_wconf 89' lang='lat' dir='ltr'><strong>dele·</strong></span> 
     </span>
     <span class='ocr_line' id='line_1_32' title="bbox 153 3729 1101 3810; baseline 0.001 -17"><span class='ocrx_word' id='word_1_199' title='bbox 153 3729 292 3808; x_wconf 83' lang='lat' dir='ltr'><strong>gatione,</strong></span> <span class='ocrx_word' id='word_1_200' title='bbox 316 3729 520 3810; x_wconf 88' lang='lat' dir='ltr'><strong>permissione</strong></span> <span class='ocrx_word' id='word_1_201' title='bbox 543 3734 600 3794; x_wconf 93' lang='lat' dir='ltr'><strong>aut</strong></span> <span class='ocrx_word' id='word_1_202' title='bbox 623 3747 777 3795; x_wconf 88' lang='lat' dir='ltr'><strong>consensu</strong></span> <span class='ocrx_word' id='word_1_203' title='bbox 799 3729 967 3810; x_wconf 84' lang='lat' dir='ltr'><strong>potestatis</strong></span> <span class='ocrx_word' id='word_1_204' title='bbox 982 3729 1101 3794; x_wconf 84' lang='lat' dir='ltr'><strong>civilia</strong></span> 
     </span>
    </p>

    <p class='ocr_par' dir='ltr' id='par_1_12' title="bbox 152 3814 1315 4073">
     <span class='ocr_line' id='line_1_33' title="bbox 260 3814 1315 3899; baseline 0.002 -19"><span class='ocrx_word' id='word_1_205' title='bbox 260 3819 291 3880; x_wconf 88' lang='lat'><strong>3.</strong></span> <span class='ocrx_word' id='word_1_206' title='bbox 325 3814 470 3881; x_wconf 90' lang='lat' dir='ltr'><strong>Ecclesia</strong></span> <span class='ocrx_word' id='word_1_207' title='bbox 494 3817 567 3899; x_wconf 89' lang='lat' dir='ltr'><strong>jure</strong></span> <span class='ocrx_word' id='word_1_208' title='bbox 596 3817 700 3882; x_wconf 83' lang='lat' dir='ltr'><strong>divino</strong></span> <span class='ocrx_word' id='word_1_209' title='bbox 734 3816 833 3881; x_wconf 88' lang='lat' dir='ltr'><strong>talem</strong></span> <span class='ocrx_word' id='word_1_210' title='bbox 862 3816 1048 3884; x_wconf 91' lang='lat' dir='ltr'><strong>clericorum</strong></span> <span class='ocrx_word' id='word_1_211' title='bbox 1080 3835 1100 3881; x_wconf 92' lang='lat' dir='ltr'><strong>a</strong></span> <span class='ocrx_word' id='word_1_212' title='bbox 1133 3815 1203 3882; x_wconf 88' lang='lat' dir='ltr'><strong>foro</strong></span> <span class='ocrx_word' id='word_1_213' title='bbox 1232 3816 1315 3884; x_wconf 83' lang='lat' dir='ltr'><strong>civili</strong></span> 
     </span>
     <span class='ocr_line' id='line_1_34' title="bbox 152 3901 1314 3984; baseline 0.003 -17"><span class='ocrx_word' id='word_1_214' title='bbox 152 3901 386 3967; x_wconf 89' lang='lat' dir='ltr'><strong>immunitatem</strong></span> <span class='ocrx_word' id='word_1_215' title='bbox 409 3903 469 3969; x_wconf 92' lang='lat' dir='ltr'><strong>sibi</strong></span> <span class='ocrx_word' id='word_1_216' title='bbox 491 3903 639 3984; x_wconf 88' lang='lat' dir='ltr'><strong>vindicat,</strong></span> <span class='ocrx_word' id='word_1_217' title='bbox 662 3903 766 3984; x_wconf 89' lang='lat' dir='ltr'><strong>qualis</strong></span> <span class='ocrx_word' id='word_1_218' title='bbox 789 3904 831 3968; x_wconf 94' lang='lat' dir='ltr'><strong>ad</strong></span> <span class='ocrx_word' id='word_1_219' title='bbox 860 3904 1000 3968; x_wconf 91' lang='lat' dir='ltr'><strong>munium</strong></span> <span class='ocrx_word' id='word_1_220' title='bbox 1030 3902 1314 3970; x_wconf 88' lang='lat' dir='ltr'><strong>ecclesiasticorum</strong></span> 
     </span>
     <span class='ocr_line' id='line_1_35' title="bbox 154 3989 1312 4073; baseline 0.006 -21"><span class='ocrx_word' id='word_1_221' title='bbox 154 3991 338 4057; x_wconf 88' lang='lat' dir='ltr'><strong>exercitium</strong></span> <span class='ocrx_word' id='word_1_222' title='bbox 359 3989 540 4073; x_wconf 87' lang='lat' dir='ltr'><strong>requiritur,</strong></span> <span class='ocrx_word' id='word_1_223' title='bbox 566 3991 754 4073; x_wconf 88' lang='lat' dir='ltr'><strong>praeprimis</strong></span> <span class='ocrx_word' id='word_1_224' title='bbox 775 3989 958 4057; x_wconf 90' lang='lat' dir='ltr'><strong>libertatem</strong></span> <span class='ocrx_word' id='word_1_225' title='bbox 981 4009 1001 4055; x_wconf 92' lang='lat' dir='ltr'><strong>a</strong></span> <span class='ocrx_word' id='word_1_226' title='bbox 1022 3990 1151 4056; x_wconf 83' lang='lat' dir='ltr'><strong>servitio</strong></span> <span class='ocrx_word' id='word_1_227' title='bbox 1174 3991 1312 4059; x_wconf 87' lang='lat' dir='ltr'><strong>militari</strong></span> 
     </span>
    </p>
   </div>
   <div class='ocr_carea' id='block_1_9' title="bbox 259 4111 786 4181">
    <p class='ocr_par' dir='ltr' id='par_1_13' title="bbox 259 4111 786 4181">
     <span class='ocr_line' id='line_1_36' title="bbox 259 4111 786 4181; baseline 0.004 -4"><span class='ocrx_word' id='word_1_228' title='bbox 259 4111 380 4178; x_wconf 88' lang='lat' dir='ltr'><strong>Romae</strong></span> <span class='ocrx_word' id='word_1_229' title='bbox 402 4113 454 4178; x_wconf 93' lang='lat' dir='ltr'><strong>die</strong></span> <span class='ocrx_word' id='word_1_230' title='bbox 478 4118 497 4180; x_wconf 88' lang='lat'>8</span> <span class='ocrx_word' id='word_1_231' title='bbox 521 4113 667 4181; x_wconf 73' lang='lat' dir='ltr'><strong>ianuarii</strong></span> <span class='ocrx_word' id='word_1_232' title='bbox 693 4117 786 4179; x_wconf 84' lang='lat'>1870.</span> 
     </span>
    </p>
   </div>
   <div class='ocr_carea' id='block_1_10' title="bbox 0 0 1478 4942">
    <p class='ocr_par' dir='ltr' id='par_1_14' title="bbox 0 0 1478 4942">
     <span class='ocr_line' id='line_1_37' title="bbox 0 0 1478 4942; baseline 0 0"><span class='ocrx_word' id='word_1_233' title='bbox 0 0 1478 4942; x_wconf 95' lang='lat' dir='ltr'><strong> </strong></span> 
     </span>
    </p>
   </div>
  </div>
 </body>
</html>
