2954 4936
212 315 255 376 90
706 321 875 370 eusrunurn

318 463 467 529 Ceterum
489 463 530 527 ad
562 462 660 544 pedes
688 460 772 525 Tuos
793 459 953 541 provoluti
980 458 1149 540 pronubis
1181 463 1216 522 et
1236 454 1374 539 populis,

210 569 290 634 quos
324 552 364 616 ad
396 551 498 614 Deum
529 548 746 631 perducendos
773 547 962 629 accepimus,
994 544 1211 628 Apostolicam
1233 543 1372 627 petimus

211 638 477 705 Benedictioncm.

317 759 436 824 Datum
457 756 576 822 Romae
603 753 823 821 intonuerit
849 758 943 821 1870.

643 893 829 959 sanctitatis
850 893 939 958 Tuae

369 1033 556 1114 Humillimi‚
579 1033 869 1115 obsequentissimi,
892 1032 1096 1099 Devotissimi
1117 1029 1230 1097 Servi

306 1173 392 1240 Haic
408 1173 622 1256 postulationi
643 1172 903 1252 salscripscraat
926 1175 968 1235 40
993 1169 1131 1237 Consilii
1154 1168 1284 1236 Patres.

602 1641 639 1722 4.
679 1638 984 1723 Postumium

211 1797 532 1866 ARGfflEPISCOPI
545 1795 1029 1863 WESTMONASTERIENSIS
1045 1797 1103 1860 ΑΙ)
1119 1793 1375 1861 ΒΟΟΤΒΙΝΔΜ

315 1903 372 1969 DE
394 1903 559 1968 ROMANI
581 1901 814 1968 PONTIFICIS
837 1900 1026 1967 PRIMATU
1049 1898 1271 2004 SPEGTANS.

244 2058 400 2126 Rationes
421 2059 517 2141 lajas
535 2059 768 2141 propositionis
790 2079 829 2123 eoo
852 2057 973 2138 adjecto
995 2057 1151 2122 schcmate
1167 2056 1340 2138 poterant.
1457 2131 1463 2138 ,

397 2199 422 2263 1.
445 2196 567 2264 Ganoni
588 2196 673 2263 XIV.
696 2197 832 2262 addatur
855 2196 915 2262 hoc
937 2196 1068 2262 tertium
1090 2197 1281 2265 membrum:

319 2308 394 2382 „aut
419 2303 523 2385 ipsum
550 2302 779 2384 jurisdictionis
807 2303 977 2383 primatum
1010 2302 1061 2366 vel
1089 2302 1256 2383 potestatis
1280 2301 1377 2383 spiri·

209 2391 305 2457 tualis
327 2391 538 2472 principatum
567 2391 600 2455 in
629 2394 732 2455 totam
761 2387 938 2454 Ecclesiam
969 2407 1031 2453 non
1055 2387 1154 2454 faussc
1183 2388 1243 2454 soli
1273 2387 1377 2455 Petro

209 2478 339 2560 ejusque
362 2477 604 2545 Successoribus
626 2477 777 2553 divinitus
799 2476 963 2555 collatnm3
987 2476 1158 2543 anathema
1180 2476 1252 2541 sit.“

381 2600 422 2666 11.
447 2596 585 2663 Cononis
600 2597 682 2666 XVI.
706 2598 848 2662 membro
863 2598 963 2679 priori
985 2596 1045 2662 hoc
1060 2597 1197 2664 addatur
1219 2599 1377 2667 incisum:

228 2791 236 2805 .
314 2712 431 2855 „assque
453 2708 521 2825 tam
543 2703 575 2767 in
591 2720 699 2769 omnes
722 2701 816 2768 simul
831 2719 925 2783 quam
949 2690 1088 2785 singulos
1105 2720 1248 2769 seorsum
1263 2703 1378 2770 Eccle-

209 2809 276 2857 sne
298 2810 357 2873 pas
373 2809 454 2856 ores.

367 2912 423 2999 ΠΙ,
447 2912 525 2977 Post
546 2909 708 2978 canonem
730 2911 814 2980 XVI.
839 2913 999 2977 inseratur
1021 2909 1148 2978 Canon:

314 3017 367 3098 „Si
388 3017 459 3099 quis
483 3016 597 3082 dmerit
623 3016 750 3081 decreta
771 3013 846 3081 fidei
874 3020 908 3080 et
929 3031 1051 3082 morum
1074 3016 1161 3081 edita
1183 3034 1204 3081 a
1226 3018 1377 3085 Romano

210 3102 362 3170 Pontifice
384 3109 533 3184 tanquam
556 3122 576 3168 a
598 3120 745 3185 supremo
767 3103 866 3168 totius
888 3102 1052 3169 Ecclesiae
1074 3102 1208 3169 Pastore
1232 3110 1268 3171 et
1288 3102 1379 3173 Doc-

209 3196 279 3256 tore
303 3196 378 3256 ante
408 3190 542 3255 aliorum
571 3191 637 3256 sive
672 3189 812 3272 plurium
840 3190 907 3255 sire
937 3192 1121 3271 pauciorum
1150 3191 1377 3274 episcoporum

209 3295 395 3344 consensum
417 3295 511 3359 posse
534 3275 698 3343 reformari
721 3277 785 3361 (vel
807 3277 1023 3343 reformabilis
1046 3280 1143 3362 esse):
1178 3282 1235 3343 aut
1257 3279 1377 3346 eadem

210 3366 344 3431 examini
374 3364 424 3430 vel
454 3364 571 3445 jndicio
600 3365 731 3431 alterius
763 3364 858 3430 ullius
887 3365 1090 3431 auctoritatis
1118 3364 1216 3431 etiam
1238 3363 1378 3435 Consilii

209 3449 407 3519 Oecnmenici
429 3452 477 3517 ita
507 3452 619 3536 subjici
645 3469 754 3535 posse,
789 3457 826 3517 ut
848 3452 943 3518 liceat
971 3451 1028 3518 illa
1051 3453 1117 3518 sive
1146 3452 1280 3535 rejicere
1302 3454 1379 3523 siva

208 3540 365 3622 recipere:
398 3543 494 3622 atque
515 3539 620 3622 ipsum
642 3540 820 3606 Romanum
851 3536 1034 3606 Pontificem
1053 3539 1173 3623 judicio
1195 3539 1249 3607 vel
1271 3540 1377 3609 reior-

209 3628 340 3694 mationi
362 3627 544 3710 hujusmodi
566 3627 756 3693 renitentem
776 3644 904 3708 possea
925 3625 1067 3705 Cpncilio
1083 3628 1292 3697 uecumenico
1314 3646 1380 3713 per

209 3718 315 3782 actum
331 3714 502 3797 superioris
514 3714 743 3797 jurisdictionis
759 3713 877 3796 corrigi
891 3713 942 3779 vel
957 3715 1088 3797 deponi3
1110 3714 1280 3781 anathema
1295 3716 1379 3783 sit.“

316 3817 375 3884 Die
401 3822 451 3884 15.
473 3816 640 3886 Febnnarii
664 3822 758 3884 1870.

584 3962 605 4041 †
629 3956 786 4024 Hearicus
808 3957 979 4022 Eduardus
1000 3957 1265 4044 Archiepisoopus

753 4060 1113 4148 westmonasteriensis.

684 4320 895 4329 —-——--——--

685 4331 895 4341 *οι-*-
