2946 4942
226 315 289 389 256
712 327 893 377 nocuum

170 536 173 541 ,
223 485 304 547 care,
327 466 403 547 quia
424 466 456 530 in
477 465 604 530 illorum
625 460 770 531 Ecclesia
792 483 854 531 non
877 471 953 530 sunt
975 469 1115 546 separati
1137 485 1195 549 per
1218 465 1390 544 cancellos,

112 566 118 575 ·
223 554 317 635 sicuti
350 559 400 618 est
433 554 465 617 in
499 552 642 618 Ecclesia
675 552 827 618 nationali
860 553 915 617 ubi
949 553 1097 619 mulieres
1130 554 1251 621 babent
1286 554 1392 623 locum

223 645 405 723 separatum
428 641 511 705 intra
533 639 702 706 cancellos.

329 732 360 790 4.
394 723 474 791 (lum
508 728 539 790 in
573 727 683 807 primis
721 725 832 791 diebus
865 726 1194 809 quadragesimalibus
1231 727 1392 809 incipiunt

224 813 404 887 sacerdotes
420 815 597 879 nationales
613 814 763 878 exercitia
782 813 961 894 spiritualia
976 814 1093 894 populo
1110 815 1195 894 dare,
1211 815 1275 896 ipsi
1291 815 1389 887 etiam

223 901 376 982 incipiunt
397 901 429 964 in
452 919 511 966 sua
533 900 676 965 Ecclesia
697 901 847 965 exercitia
868 900 1048 981 spiritualia
1069 901 1195 981 publice
1214 901 1332 980 facere,
1354 907 1390 967 et

224 988 284 1069 ipsi
307 985 418 1051 Patres
440 986 583 1052 iesuitae
605 993 795 1068 percurrunt
819 987 928 1053 domos
950 988 991 1053 ad
1012 988 1211 1059 invitandum
1233 987 1388 1069 populum

222 1075 264 1156 ad
286 1075 432 1138 encratia
454 1074 631 1155 spiritualia
659 1075 745 1154 apud
765 1075 851 1156 ipsos
873 1073 1031 1154 facienda,
1067 1080 1101 1140 et
1128 1080 1243 1158 aperte
1265 1075 1387 1140 denun-

223 1161 311 1226 ciant
332 1161 417 1241 quod
439 1163 626 1242 quicumque
654 1178 717 1226 non
739 1160 837 1226 faciat
867 1162 1020 1227 exercitia
1041 1162 1223 1243 spiritualia
1245 1166 1280 1226 et
1301 1180 1386 1227 com-

223 1249 402 1324 munionem
430 1249 515 1329 apud
537 1249 621 1330 ipsos
655 1256 741 1312 certe
772 1249 890 1313 amittit
922 1248 1137 1330 indulgentias
1164 1250 1207 1314 ad
1229 1249 1290 1315 boc
1310 1267 1385 1323 con·

223 1352 343 1412 cessas3
367 1340 400 1399 et
415 1335 485 1401 ideo
501 1335 724 1417 quamplurimi
739 1352 809 1400 sese
829 1335 948 1401 ducunt
962 1335 1048 1416 apud
1062 1335 1133 1401 illos
1149 1340 1181 1401 et
1195 1337 1385 1417 praesertim

222 1422 358 1487 feminae
374 1423 572 1487 immoralem
589 1424 740 1487 ducentes
756 1424 867 1499 vitam3
891 1441 972 1503 quae
987 1427 1155 1507 postquam
1177 1423 1387 1504 egrediuntur

223 1509 264 1577 ab
286 1508 443 1574 exercitiis
465 1509 692 1591 spiritualibus,
716 1510 870 1591 incipiunt
891 1508 982 1589 gravi
1005 1528 1077 1575 cum
1099 1510 1251 1576 scandalo
1274 1517 1387 1591 aperte

223 1596 309 1678 loqui
333 1595 372 1659 de
396 1595 594 1661 confessariis
617 1597 682 1661 suis
705 1601 816 1678 utpote
838 1597 979 1661 mitiores
1002 1601 1077 1661 sunt
1100 1602 1133 1661 et
1157 1597 1385 1678 poenitentiam

223 1684 344 1766 nonnisi
368 1682 533 1763 leviorem,
566 1683 616 1749 vel
646 1683 767 1748 nullam
796 1682 985 1764 quandoque
1010 1691 1192 1765 proponunt
1219 1685 1386 1764 poeniten-

222 1772 306 1837 tibus
329 1769 404 1850 suis,
439 1776 472 1834 et
494 1770 634 1852 plerique
663 1770 891 1836 absolutionem
915 1769 1182 1836 Sacramentalem
1205 1771 1385 1836 concedunt

223 1859 290 1924 siue
311 1857 576 1923 admonitionibus
600 1857 787 1922 necessariis
810 1863 869 1922 etc.
891 1862 951 1922 etc.

327 1944 370 2008 Iit
393 1944 473 2009 istae
487 1944 605 2025 pluries
620 1945 767 2009 videntur
788 1942 990 2024 frequentare
1005 1943 1226 2010 confessiones.
1259 1944 1386 2011 Verun-

222 2037 328 2096 tamen
359 2031 534 2112 persistunt
560 2032 593 2096 in
625 2031 711 2095 mala
734 2050 792 2097 sua
824 2030 949 2095 vivendi
977 2032 1114 2111 ratione;
1145 2037 1298 2096 econtra
1321 2030 1384 2097 loe·

222 2119 327 2184 minae
349 2118 517 2182 timoratae
547 2119 755 2184 conscientiae
778 2118 904 2198 saepius
932 2119 1037 2182 evenit
1059 2124 1095 2183 ut
1117 2122 1288 2198 postquam
1311 2137 1385 2184 con·

222 2205 324 2271 fessae
346 2204 410 2269 sint
432 2206 517 2284 apud
546 2204 617 2270 illos
639 2204 765 2282 Patres
797 2205 1024 2269 confessionem
1055 2206 1171 2268 iterent
1201 2205 1288 2285 apud
1309 2223 1386 2270 snos

222 2291 428 2358 confessarios
451 2291 637 2372 nationales‚
660 2309 832 2372 persuasae
848 2293 933 2372 quod
949 2290 1158 2357 confessarius
1171 2290 1295 2369 iesuita
1317 2310 1385 2356 non

222 2380 303 2446 bene
325 2378 531 2444 intellexisset
553 2385 685 2460 peccata
707 2397 775 2457 sua,
799 2384 832 2443 et
855 2379 925 2442 ideo
948 2395 983 2443 se
1006 2378 1168 2449 abstinent
1190 2397 1212 2443 a
1233 2376 1266 2444 S.
1289 2375 1383 2445 Com·

140 2525 145 2530 .
222 2467 369 2531 munione
391 2471 562 2546 antequam
584 2472 732 2546 repetant
755 2464 992 2534 confessionem.

328 2560 356 2617 5.
390 2552 582 2618 Missionarii
611 2553 665 2618 isti
694 2570 790 2634 saepe
821 2551 987 2623 nonnullos
1018 2551 1172 2617 inducunt
1201 2550 1386 2632 inexpertos

219 2640 353 2723 juvenes
382 2644 414 2703 et
436 2639 558 2719 puellas
588 2640 630 2704 ad
658 2639 864 2705 emittendum
894 2643 1003 2703 votum
1025 2656 1083 2719 pro
1112 2642 1256 2718 tempore
1278 2638 1385 2704 deter-

221 2725 340 2791 minato
364 2744 401 2790 en
424 2744 485 2808 quo
516 2726 696 2808 obligentur
727 2727 769 2791 ad
790 2726 1000 2792 obedientiam
1024 2725 1073 2795 his
1097 2723 1305 2790 sollummodo
1327 2743 1387 2807 per

222 2830 299 2893 quos
322 2817 397 2878 vota
423 2812 508 2878 facta
535 2820 622 2893 sunt,
658 2814 758 2879 etita
787 2812 930 2879 totaliter
957 2813 1049 2877 liberi
1081 2812 1222 2877 evadunt
1243 2812 1284 2876 ab
1308 2811 1384 2877 obe-

223 2899 342 2965 dientia
364 2917 493 2966 suorum
515 2895 726 2981 legitimorum
753 2901 958 2981 superiorum.

329 2991 357 3052 6.
392 2985 574 3052 inconsulto
616 2985 782 3052 Ordinatio
817 2986 869 3049 isti
903 2985 1012 3050 Patras
1051 2985 1206 3065 recipiunt
1244 2985 1278 3049 in
1316 2985 1386 3051 solo

221 3074 450 3139 maronitarum
472 3074 537 3138 ritu
559 3073 725 3140 nonnullos
740 3073 914 3139 haereticos
939 3089 1105 3138 conversos
1128 3077 1161 3136 et
1176 3076 1284 3137 turcas
1307 3072 1385 3154 bap

220 3161 334 3225 tizatos
357 3161 424 3225 sine
453 3161 595 3225 examine
627 3179 720 3226 verae
743 3160 928 3236 vocationis3
962 3164 994 3223 et
1024 3159 1094 3224 ideo
1117 3158 1245 3239 saepius
1268 3159 1385 3225 accidit

220 3247 303 3329 quod
327 3248 380 3311 isti
403 3249 527 3313 noviter
544 3249 687 3314 conversi
709 3248 863 3312 inducunt
877 3247 910 3310 in
925 3246 1018 3326 plura
1040 3245 1132 3323 mala,
1157 3251 1190 3310 et
1211 3252 1384 3311 recurrunt

219 3335 261 3399 ad
284 3334 405 3414 Patres,
430 3336 615 3416 quistatim
638 3334 709 3400 illos
733 3336 863 3398 mittunt
886 3333 927 3397 ad
949 3332 1111 3398 Parochos
1133 3333 1309 3398 maronitas
1332 3333 1382 3397 vel

219 3422 260 3486 ad
284 3421 493 3502 ordinarium,
519 3428 551 3488 et
573 3422 645 3488 illos
667 3421 760 3503 plane
785 3420 1014 3500 derelinquunt,
1040 3425 1072 3485 et
1095 3437 1134 3485 ex
1157 3418 1205 3485 his
1229 3419 1382 3485 nonnulla

220 3508 370 3576 scandala
394 3515 575 3588 evenerunt,
593 3510 687 3574 sicuti
709 3510 742 3572 in
757 3507 945 3590 proximiore
959 3511 1104 3588 tempore
1120 3507 1226 3571 evenit
1241 3509 1384 3572 noviter:

326 3597 346 3662 J
348 3598 455 3662 uvenis
471 3596 599 3677 quidam
614 3596 838 3661 schismaticus
850 3593 992 3659 Graecus
1006 3592 1230 3674 frequentabat
1243 3592 1384 3676 puellam

220 3684 411 3748 maronitam
433 3685 466 3748 in
490 3684 617 3748 civitate
633 3685 751 3761 Bairut,
777 3687 809 3746 et
831 3682 918 3746 venit
941 3680 1114 3746 adhaerere
1137 3697 1215 3744 suae
1237 3680 1385 3760 petitioni

221 3774 256 3834 ut
279 3769 365 3833 illam
389 3771 421 3834 in
444 3770 642 3837 matrimonio
666 3770 790 3835 habeat.
836 3769 900 3832 Iste
923 3785 957 3832 se
986 3767 1119 3832 contulit
1140 3767 1182 3839 ad
1204 3767 1385 3833 Perochum

221 3855 410 3922 Maronitam
434 3862 545 3938 petens
576 3877 610 3922 se
634 3857 714 3922 velle
739 3855 885 3938 conjungi
916 3855 949 3919 in
971 3853 1207 3925 matrimonium
1232 3872 1303 3918 cum
1325 3853 1384 3918 tali

219 3943 337 4024 puella:
372 3950 406 4009 at
428 3943 590 4010 Parochus
621 3963 690 4008 cum
713 3944 802 4008 illum
833 3961 895 4008 non
911 3965 913 3969 ·
928 3942 1125 4024 cognovisset
1147 3941 1241 4022 petiit
1263 3941 1305 4005 ab
1328 3940 1384 4004 illo

220 4030 342 4095 litteras
366 4031 562 4101 authenticas
590 4031 682 4097 liberi
704 4031 752 4095 sui
785 4035 887 4095 status
911 4034 943 4092 et
965 4029 1142 4110 religionis3
1177 4045 1240 4109 quo
1262 4028 1383 4106 audito,

220 4117 329 4181 statim
352 4119 404 4184 ille
424 4119 550 4199 juvenis
578 4119 716 4201 perrexit
738 4117 780 4181 ad
802 4118 955 4195 desudas,
987 4121 1018 4181 et
1040 4115 1164 4195 accepit
1186 4116 1227 4180 ab
1249 4114 1312 4179 illis
1336 4114 1385 4181 di·

220 4203 380 4278 missorias
404 4205 615 4287 authenticas,
649 4204 820 4286 inquibus
852 4202 1077 4268 declarabatur
1107 4204 1213 4284 ipsum
1232 4201 1384 4281 juvenem

223 4289 379 4365 Graecum
404 4292 644 4358 Schismaticum
668 4309 747 4372 esse,
771 4292 827 4357 sed
843 4297 978 4372 quatuor
1001 4290 1116 4357 abhinc
1131 4289 1226 4365 anuis
1238 4288 1388 4370 frequen·
