2946 4942
549 346 588 392 an
611 346 708 399 anans
730 345 918 393 manantis.
1272 334 1314 395 65

140 505 237 567 qnae
252 486 379 552 beatum
403 485 525 551 Iaceret
550 486 717 551 videntem.
753 483 1015 549 antemnam
1039 485 1216 549 evasionem
1240 504 1317 549 una·

150 575 230 638 nimi
252 572 487 656 scripturarum
510 573 689 639 testimonio
713 572 902 636 contrariam
926 570 1078 650 declarat,
1102 576 1134 635 et
1157 571 1316 637 concludit

152 658 365 726 ditiorentiam
394 662 478 725 inter
506 660 717 741 cognitionem
740 660 816 738 Dei,
851 676 931 740 quae
953 659 1082 739 propria
1103 663 1153 722 est
1175 660 1260 724 beati
1283 664 1317 724 et

152 748 366 830 cognitionem
381 749 523 825 viatoris,
545 765 608 811 non
631 748 662 810 in
679 765 716 811 eo
739 748 875 828 positam
899 763 969 810 esse
992 745 1076 827 quod
1091 744 1144 811 ille
1165 745 1316 824 dilucide,

151 835 205 900 hic
227 841 333 900 autem
357 834 486 899 obscure
509 834 570 898 Dei
593 835 764 899 essentiam
786 833 909 912 videat,
940 833 1051 898 sedin
1074 833 1133 897 hoc
1155 833 1240 913 quod
1262 833 1316 898 ille

151 923 247 1000 videt,
269 921 321 987 hic
342 941 406 985 noa
429 920 515 985 uidet
537 922 704 986 essentiam
728 921 795 985 Dei.
840 920 891 984 En
918 920 1017 984 verba
1037 918 1070 984 S.
1094 921 1241 985 Doctoris
1264 939 1315 1002 qq.

152 1010 208 1076 dd.
232 1008 272 1073 de
293 1009 394 1074 Venit.
419 1027 448 1090 q.
475 1013 525 1074 18.
550 1027 578 1072 a.
604 1014 631 1074 l.
672 1007 824 1087 „Quidam
848 1008 1003 1086 dixerunt,
1026 1007 1112 1088 quod
1134 1008 1235 1071 Deum
1259 1026 1316 1088 per

153 1097 324 1160 essentiam
348 1096 456 1160 videre
477 1114 539 1160 non
564 1095 662 1161 solum
688 1095 841 1174 contingit
874 1096 907 1158 in
941 1095 1060 1176 patria,
1097 1094 1152 1159 sed
1188 1095 1220 1158 in
1253 1095 1315 1172 via,

152 1185 299 1264 quamvis
321 1201 384 1248 non
406 1184 454 1247 ita
476 1181 615 1263 perfecte
638 1183 737 1246 Invia
760 1183 844 1247 sicut
864 1183 898 1245 in
920 1183 1025 1261 patria
1049 1231 1056 1245 .
1081 1231 1088 1246 .
1113 1233 1120 1248 .
1144 1179 1207 1246 Sed
1230 1182 1316 1246 istud

152 1272 274 1335 dictum
297 1271 491 1336 contrarium
518 1277 567 1334 est
588 1269 772 1350 Scripturas
800 1269 989 1333 testimoniis
1012 1287 1092 1350 quae
1116 1268 1315 1334 concorditer

150 1358 185 1422 in
208 1358 316 1422 dimna
336 1358 455 1423 visione
478 1358 708 1422 beatitudinem
731 1356 876 1420 ultimam
899 1356 1033 1421 hominis
1054 1361 1184 1437 ponunt.
1222 1355 1315 1420 Unde

153 1464 190 1509 ex
223 1445 285 1509 hoc
307 1445 377 1525 ipso
411 1444 494 1524 quod
529 1445 641 1525 aliquis
666 1444 766 1507 Deum
795 1461 852 1525 per
884 1443 1053 1508 essentiam
1075 1443 1179 1522 videt,
1203 1444 1315 1509 beatus

152 1538 202 1597 cst
226 1581 232 1595 .
259 1582 266 1595 .
291 1581 297 1594 .
320 1531 391 1596 Nou
416 1536 467 1596 est
489 1536 595 1596 autem
617 1529 780 1612 possibile,
807 1539 841 1595 ut
863 1529 993 1594 ultimus
1016 1530 1169 1594 terminus
1191 1529 1311 1610 periec-

151 1621 248 1685 tionis
264 1618 420 1682 humanae
436 1619 612 1700 accipiatur
627 1620 798 1682 secundum
813 1617 949 1695 aliquem
964 1618 1093 1681 modum
1108 1615 1314 1700 intelligendi,

152 1707 228 1788 quia
250 1706 372 1771 inistis
395 1706 495 1770 modis
517 1704 713 1785 intelligendi
734 1710 869 1787 possunt
891 1705 1084 1770 considerari
1105 1701 1221 1769 infiniti
1243 1723 1314 1787 gra·

154 1794 231 1874 dus,
263 1811 325 1873 quo
348 1811 430 1858 unus
453 1793 513 1858 alio
548 1791 718 1875 perfectius
752 1791 917 1874 intelllgit3
951 1792 1035 1857 unde
1068 1796 1195 1872 oportet
1227 1792 1314 1873 quod

150 1881 283 1946 ultimus
310 1881 463 1944 termtnus
491 1879 647 1944 humanae
677 1878 878 1960 perfectionis
907 1877 950 1943 sit
971 1880 1004 1943 in
1027 1878 1232 1960 intelligendo
1256 1879 1313 1944 ali·
1411 1912 1413 1918 ¹

152 1967 235 2048 quod
257 1965 522 2050 perfectissimum
545 1966 753 2046 intelligibile,
777 1966 861 2046 quod
886 1971 936 2030 est
958 1966 1097 2031 essentia
1113 1966 1230 2030 diviua.
1277 1968 1313 2030 ln

151 2055 210 2121 hoc
233 2055 331 2137 Igitur
346 2072 551 2136 unaquaeque
574 2055 738 2119 rationaIIs
755 2059 901 2118 creatura
915 2053 1010 2118 beata
1025 2060 1083 2133 est,
1107 2054 1191 2133 quod
1207 2071 1314 2118 essen-

152 2145 230 2207 tiam
247 2142 307 2205 Dei
328 2141 423 2224 videt,
445 2160 508 2206 non
532 2160 569 2205 ex
593 2159 629 2205 eo
652 2141 736 2221 quod
759 2142 805 2205 ita
829 2139 961 2220 limpide
982 2139 1034 2205 vel
1048 2139 1120 2221 plus
1144 2140 1195 2204 vcl
1210 2141 1313 2206 miuus

153 2244 220 2294 eam
234 2227 331 2293 videt.
368 2227 439 2294 Non
461 2229 559 2310 igitur
573 2229 651 2294 vIsio
667 2229 752 2294 beati
775 2245 795 2293 a
817 2227 937 2292 visione
952 2228 1083 2292 viatoris
1106 2227 1314 2309 distinguitur

152 2335 208 2397 per
229 2317 290 2381 hoc
311 2315 396 2396 quod
418 2322 469 2381 est
488 2315 664 2397 perfectius
686 2321 716 2381 et
737 2316 844 2379 minas
860 2316 1000 2394 perfecte
1023 2314 1142 2394 videre,
1176 2315 1232 2380 sed
1255 2334 1313 2397 per

153 2403 210 2469 hoc¹
232 2404 318 2483 quod
341 2409 390 2467 est
412 2403 521 2468 cidere
542 2408 575 2466 et
596 2422 662 2466 eon
684 2404 818 2466 caderes

690 2609 772 2676 VIII.

256 2751 376 2817 Contra
409 2751 466 2816 has
497 2750 638 2831 aliasque
666 2749 784 2816 similes
811 2749 1040 2834 Ontologorum
1071 2752 1232 2817 evasiones
1256 2769 1313 2818 no·

154 2839 282 2903 tandum
301 2845 359 2917 est,
384 2837 558 2903 Concilium
582 2836 759 2902 damnando
774 2836 960 2919 Beguardos
976 2841 1028 2921 qui
1052 2838 1200 2904 dicebaut
1220 2856 1314 2919 posse

155 2923 258 2990 Deum
281 2925 380 2989 videri
403 2926 443 2989 ab
467 2927 574 2990 anima
595 2925 663 2988 sine
685 2924 805 2989 lamiae
826 2925 968 3007 plorioe,
991 2926 1110 2991 nullam
1132 2925 1244 2991 fecisse
1267 2925 1313 2990 di-

153 3012 351 3078 stinctionem
374 3012 457 3076 inter
479 3012 691 3078 substantiam
713 3016 746 3076 et
768 3014 950 3091 essentiam,
978 3015 1063 3079 iuter
1085 3015 1255 3078 essentiam
1279 3020 1313 3076 et

153 3099 316 3179 attributa,
340 3100 424 3164 inter
444 3100 596 3165 visionem
620 3099 736 3163 claram
761 3104 794 3165 et
817 3101 993 3165 obscuram.
1039 3100 1089 3165 Ex
1109 3117 1172 3181 quo
1187 3099 1313 3165 videtur

154 3185 256 3267 colligi
277 3186 492 3251 immediatam
508 3188 568 3251 Dei
589 3187 753 3266 visionem,
777 3192 947 3268 utcumque
971 3206 1010 3253 ea
1032 3187 1214 3268 explicetur,
1238 3184 1314 3253 edu·

154 3290 226 3354 gere
249 3291 313 3338 non
336 3290 427 3354 posse
451 3272 581 3339 Concilii
605 3275 850 3342 damnationem.

705 3433 784 3546 m

256 3622 302 3686 Ut
323 3620 474 3686 brevitati
497 3622 687 3699 consulatur,
714 3621 888 3687 omittImus
910 3621 991 3687 hanc
1013 3623 1229 3687 immediatam
1253 3623 1314 3689 Dei

153 3709 360 3791 cognitionem
385 3707 544 3774 conciliari
566 3726 630 3774 nou
653 3726 746 3791 posse
770 3727 842 3774 cum
871 3709 934 3773 alla
955 3710 1092 3775 veritate
1116 3708 1314 3776 catholicas

150 3794 245 3862 Ocno.
270 3795 441 3861 Viennensi
466 3793 631 3878 (Clement.
657 3795 697 3860 de
720 3794 849 3861 Summa
872 3795 983 3860 Triuit.
1007 3803 1039 3861 et
1061 3796 1130 3863 Fid.
1155 3797 1237 3862 cath.
1261 3799 1312 3862 nt.

150 3883 195 3966 4.)
218 3882 362 3964 definita,
397 3888 430 3946 et
451 3884 485 3946 iu
506 3883 716 3948 lateranensi
745 3883 803 3947 sub
825 3883 932 3948 Leone
954 3884 983 3947 X
1008 3883 1193 3949 confirmata
1215 3884 1310 3965 (Sess.

147 3968 224 4036 VIII
247 3989 316 4036 can.
341 3970 513 4051 Apostolici
537 3970 671 4053 Regim.)
698 3971 822 4049 „aalma
843 3970 1037 4036 intellectiva
1060 3977 1108 4037 est
1130 3972 1231 4036 forma
1253 3970 1312 4034 hu-

149 4059 233 4122 mani
257 4058 397 4139 corporis
419 4076 477 4138 per
500 4075 534 4121 se
557 4067 590 4123 et
612 4057 856 4124 essentIaliter“.
891 4057 974 4122 Nam
996 4079 1034 4124 ex
1056 4060 1114 4124 hoc
1130 4056 1311 4124 definitione

153 4147 295 4226 sequitur
316 4146 454 4210 animam
476 4163 540 4210 non
562 4162 655 4226 posse
678 4145 868 4211 naturaIIter
890 4163 1078 4227 cognoscere
1101 4146 1312 4212 immateriale

153 4230 187 4294 iu
204 4244 251 4298 'se
286 4233 371 4314 ipso,
405 4232 462 4297 sed
496 4232 555 4298 sub
586 4231 690 4298 forma
721 4233 828 4313 aliqua
850 4233 1008 4299 sensibili:
1042 4251 1112 4298 cum
1135 4238 1246 4299 notum
1268 4235 1312 4300 sit

157 4317 274 4385 adama
292 4319 425 4399 ,Modus
448 4321 599 4401 operandi
621 4319 789 4386 conformIs
805 4325 855 4386 est
876 4320 970 4386 modo
987 4321 1174 4388 ematendd.
1211 4323 1326 4387 omit„-

206 4439 328 4494 IIartlu‚
348 4440 502 4485 Documenta.
529 4440 592 4486 Eunt.
606 4439 636 4482 11.
1188 4429 1204 4479 5
