2954 4936
516 327 556 374 nn
579 324 722 377 accursus
745 326 872 377 cuxrsm.
914 319 917 324 “
1228 315 1275 378 59

649 501 735 566 XIII.

217 620 251 687 Si
277 623 351 702 quis
383 622 509 701 dixerit,
541 640 650 688 veram
683 622 801 688 Christi
831 620 1022 703 Ecclesiam,
1057 628 1147 689 extra
1177 643 1273 707 quam

110 727 203 775 nemo
225 708 334 776 salvus
362 727 432 776 esse
455 715 574 792 potest,
605 710 699 776 aliam
732 727 801 775 esse
824 716 951 791 praeter
973 729 1085 792 unam,
1117 717 1274 791 sanctam,
1356 750 1358 755 ·

111 797 312 878 catholicam,
336 803 369 863 et
392 798 595 880 apostolicam
618 797 811 875 Romanam3
834 797 1005 863 anathema
1027 798 1078 864 sit.

650 988 734 1056 XIV

218 1111 253 1178 si
275 1113 345 1193 quis
368 1113 491 1192 dixerit,
514 1112 589 1177 beat
575 1118 642 1177 tum
664 1112 795 1178 Petrum
818 1112 1003 1194 Apostolum
1028 1109 1169 1200 atlhrist
1155 1117 1189 1178 to
1204 1112 1274 1178 Do·

112 1201 198 1265 mino
222 1200 360 1265 constitu
361 1205 428 1263 tum
451 1219 515 1265 nou
538 1218 616 1264 esse
631 1199 732 1280 Apost
719 1199 856 1265 tolonum
879 1201 1019 1264 omnium
1041 1192 1215 1281 principem
1239 1205 1273 1264 et

110 1287 208 1354 totius
220 1286 381 1353 Ecclesiae
396 1286 540 1352 militant
518 1293 558 1353 trs
573 1287 696 1353 visibile
713 1292 822 1369 caput3
838 1286 888 1350 vel
905 1305 976 1351 eum
991 1292 1062 1351 ttan
1063 1305 1116 1351 um
1131 1285 1273 1366 honoris,

110 1393 175 1442 nou
190 1379 304 1451 ¹aunem
326 1393 423 1440 verse
438 1376 644 1458 propriaeque
664 1374 894 1457 jnrisdictionis
910 1375 1080 1456 primatum
1095 1373 1273 1455 accepisse;

112 1462 283 1528 anathema
306 1463 356 1527 sit.

660 1654 727 1720 XV.

218 1774 251 1841 si
274 1777 344 1856 quis
367 1777 493 1856 dixerit,
525 1795 587 1842 uon
611 1793 680 1841 esse
711 1777 869 1857 exipsius
892 1774 1011 1840 Christi
1034 1776 1160 1840 Domini
1182 1776 1273 1840 insti·

110 1862 242 1943 tutione,
264 1869 301 1926 ιιι
315 1865 428 1930 beatus
443 1863 560 1929 Petrus
582 1864 614 1928 in
629 1863 769 1945 primatu
783 1881 878 1945 super
900 1863 1080 1928 uniuersam
1095 1861 1271 1928 Ecclesiam

111 1949 230 2016 habeat
256 1956 429 2034 perpetuos
458 1969 673 2029 successorem
707 1956 763 2015 aut
792 1951 969 2015 Romanum
997 1949 1180 2016 Pontificem
1208 1968 1275 2014 uon

112 2053 181 2103 esse
203 2038 289 2104 beati
311 2038 400 2103 Petri
422 2039 456 2102 in
478 2039 588 2104 eodem
611 2039 751 2126 primatu
774 2055 1000 2115 successorem,
1029 2037 1198 2103 anathema
1220 2037 1271 2103 sit.

583 2293 585 2297 ,
647 2229 731 2295 XVI.

218 2351 251 2418 Si
274 2353 344 2434 quis
368 2352 490 2434 dixerit,
513 2354 688 2418 Romanum
705 2350 888 2418 Pontificem
912 2351 1029 2417 habere
1051 2351 1277 2418 tantummode

112 2434 248 2504 officium
263 2438 467 2522 inspectionis
482 2440 533 2506 vel
549 2440 740 2519 directionis,
763 2458 825 2504 non
849 2443 955 2503 autem
971 2438 1096 2522 plenam
1111 2444 1145 2503 et
1161 2457 1272 2521 supre-

112 2543 196 2591 mam
230 2532 422 2609 potestatem
453 2528 682 2611 jurisdictionis
716 2528 749 2591 in
778 2527 957 2591 universam
987 2523 1182 2604 EcclesIam3
1216 2532 1272 2591 aut

111 2611 194 2680 hauc
216 2615 286 2697 eius
315 2621 507 2696 potestatem
537 2634 600 2680 nou
624 2633 694 2680 csse
716 2614 908 2680 ordiuariam
941 2619 973 2679 et
996 2613 1212 2678 immediatam
1235 2614 1272 2679 iu

113 2717 221 2767 omnes
244 2720 283 2768 ac
305 2702 446 2786 singulas
469 2702 633 2786 ecclesias,
658 2702 828 2768 anathema
850 2703 901 2767 sit.

646 2893 744 2959 XVII.

218 3015 253 3081 Si
274 3017 344 3098 quis
367 3017 490 3097 dixerit,
514 3021 705 3099 potestatem
728 3016 973 3082 ecclesiasticam
997 3013 1278 3096 independentem,

112 3120 207 3185 quam
233 3101 380 3170 Ecclesia
413 3104 570 3170 catholica
597 3104 658 3169 sibi
690 3123 710 3168 a
732 3103 859 3169 Christo
888 3103 1042 3169 tributam
1075 3119 1144 3167 esse
1169 3102 1277 3183 docet,

112 3207 354 3273 supremamque
381 3197 571 3274 potestatem
605 3191 726 3258 civilem
756 3208 820 3257 non
849 3208 943 3273 posse
971 3188 1065 3255 simul
1088 3191 1277 3269 consistere,

111 3277 160 3343 ita
180 3283 217 3342 ut
235 3278 308 3359 jnra
330 3280 494 3360 utriusque
516 3279 603 3344 selua
626 3280 705 3358 sint3
729 3279 898 3344 anathema
920 3280 970 3343 sit.

639 3453 753 3519 XVIII.

219 3573 253 3642 Si
275 3578 345 3657 quis
374 3577 501 3659 dixerit,
531 3581 738 3659 potestatem,
773 3594 854 3658 quae
883 3577 925 3641 ad
953 3575 1125 3658 regendam
1148 3574 1273 3640 civilem

112 3662 298 3729 societatem
320 3665 498 3730 necessaria
519 3669 577 3746 est,
601 3682 665 3730 nou
687 3681 758 3730 esse
781 3681 801 3729 a
823 3663 908 3743 Deo;
938 3668 994 3729 aut
1016 3663 1117 3730 eidem
1141 3681 1181 3728 ex
1201 3662 1275 3744 ipso

112 3747 174 3815 Ilei
195 3748 267 3832 lege
297 3751 521 3835 subjectionem
549 3770 613 3818 uon
636 3751 758 3830 deberi3
794 3757 851 3816 aut
874 3769 943 3816 eam
973 3751 1113 3817 naturali
1136 3749 1280 3816 hominis

111 3835 253 3904 libertati
275 3857 470 3922 repugnare,
491 3839 662 3905 anathema
683 3840 733 3905 sit.

652 4012 737 4079 xus.
840 3965 843 3972 ⁵

219 4131 253 4201 Si
275 4136 345 4218 quis
360 4135 484 4216 dmerit,
508 4137 614 4201 omnia
634 4137 720 4202 iuter
734 4134 904 4200 homiues
891 4152 965 4215 Jura
981 4132 1120 4198 derivari
1142 4150 1163 4197 a
1184 4134 1280 4196 statu

112 4221 260 4305 politic03
292 4228 351 4288 aut
371 4222 492 4288 nullam
513 4224 576 4289 nisi
602 4223 674 4289 ab·
664 4240 735 4307 ipso
758 4221 1022 4288 communicatam
1044 4219 1114 4286 dari
1137 4216 1280 4286 adctori

112 4313 231 4391 tatem,
256 4309 427 4376 anathema
450 4311 501 4376 sit
