2946 4942
546 343 585 389 on
608 342 703 388 aneos
725 341 913 390 noerarmcrs.
1273 333 1312 393 81

155 489 262 549 autem
297 484 455 548 internum
487 482 602 546 mentis
625 481 790 562 cordisque
813 499 975 547 assensum
998 483 1133 548 Romani
1155 483 1315 551 Pontificis

151 571 282 653 judiciis
304 587 374 634 csse
396 569 632 650 praestandum.

264 663 294 722 3.
327 658 464 738 Insuper
497 657 623 720 omuino
656 656 869 736 improbamus
902 674 1012 723 eorum
1035 657 1182 739 loquendi
1205 662 1238 723 et
1261 659 1316 724 do-

155 745 248 810 cendi
270 745 436 822 rationem,
459 744 513 824 qui
533 741 706 808 temeraria
728 743 863 823 quadam
886 749 920 809 et
941 750 1149 827 praepostera
1162 745 1316 812 divisione

153 835 240 897 inter
274 839 398 898 coetum
420 831 648 913 Episcoporum
678 834 710 895 et
731 829 894 896 Summum
916 832 1097 897 Pontificem
1129 834 1314 914 excogitata,

154 921 321 1001 disputant
343 926 415 984 uter
438 937 544 984 eorum
568 917 717 982 videatur
739 935 808 983 esse
830 918 941 1000 major,
964 925 998 984 et
1020 920 1066 985 sic
1088 926 1183 1002 caput
1206 940 1226 985 a
1249 939 1316 987 cor-

153 1025 244 1090 pore,
266 1007 397 1071 Petrum
434 1006 476 1070 ab
497 1005 644 1071 Ecclesia
674 1005 851 1070 distrahere
885 1011 918 1070 et
950 1008 1117 1089 sejungere
1139 1014 1315 1074 conantur:

153 1095 248 1176 quasi
279 1093 414 1159 fratrum
437 1097 560 1173 coetus,
584 1111 663 1175 quos
686 1092 798 1157 Petrus
821 1093 917 1158 etiam
940 1093 972 1157 in
995 1096 1228 1161 successoribus
1251 1097 1316 1161 suis

153 1179 343 1248 confirmare
372 1181 518 1263 jubetur,
558 1185 667 1263 posset
693 1198 834 1260 unquam
857 1180 898 1245 ab
925 1181 984 1246 Illo
1007 1182 1201 1262 desciscere,
1226 1185 1316 1267 cujus

152 1267 235 1334 fides
268 1288 307 1333 ex
329 1268 448 1335 Christi
484 1269 691 1350 promissione
713 1286 884 1349 numquam
908 1268 1045 1346 deiiciet3
1080 1270 1197 1335 antiis
1220 1272 1274 1352 qui
1297 1289 1316 1334 a

152 1357 253 1422 Petro
283 1357 415 1422 docendi
453 1360 528 1420 sunt
561 1363 593 1420 et
628 1355 850 1435 confirmandi,
882 1356 990 1437 Ipsum
1013 1360 1125 1421 contra
1147 1357 1261 1422 docere
1284 1366 1317 1423 et

154 1443 344 1509 confirmare
365 1443 485 1510 liceret.

264 1540 293 1599 4.
329 1531 439 1613 Neque
462 1532 566 1596 miuus
588 1529 822 1614 reprobandam
841 1530 1020 1613 judicamus
1042 1530 1167 1596 illorum
1190 1537 1317 1599 senteu-

151 1623 235 1685 tiam
268 1626 302 1686 et
334 1620 448 1700 agendi
470 1619 641 1697 rationem,
665 1618 729 1699 qui,
753 1623 790 1682 ut
812 1636 937 1682 errores
959 1638 978 1682 a
1000 1618 1142 1684 Romano
1164 1618 1318 1686 Pontifice

153 1708 324 1772 damnatos
354 1707 386 1771 in
421 1707 534 1788 vulgus
563 1704 738 1770 diffundere
766 1704 896 1770 liberius
918 1704 1061 1786 valeant,
1085 1706 1233 1772 dictitare
1254 1726 1318 1773 uon

151 1800 307 1860 verentur
336 1812 446 1858 verum
475 1811 603 1858 sensum
626 1791 797 1872 librorum,
820 1792 995 1874 exquibus
1019 1793 1187 1858 damnatae
1210 1794 1318 1877 hujus-

153 1881 244 1947 modi
265 1881 495 1964 propositiones
518 1890 686 1962 excerptae
709 1884 792 1958 snut,
817 1899 835 1943 a
858 1878 1011 1946 Pontifiee
1035 1880 1119 1946 haud
1142 1882 1203 1946 rite
1226 1883 1317 1947 intel·

152 1969 275 2034 lectum
298 1968 404 2035 fuisse.

267 2090 353 2170 Quae
376 2091 502 2172 quidem
525 2089 634 2153 omnio
655 2089 862 2153 illustraretur
895 2090 1189 2171 confirmaturque
1210 2091 1250 2155 ad
1272 2092 1318 2156 a'c's

155 2198 240 2260 quoa
261 2184 457 2265 sequuntur:
857 2202 860 2207 ·

267 2304 295 2363 l.
327 2300 433 2379 Atque
469 2299 516 2363 ita
549 2299 673 2380 quidem
709 2298 829 2363 sentire
853 2317 887 2364 se
909 2298 1087 2364 luculenter
1110 2304 1247 2365 testatus
1270 2306 1319 2365 est

155 2386 259 2451 totius
282 2383 348 2451 fere
371 2383 528 2451 Catholici
551 2384 646 2451 Orbis
668 2384 880 2467 Episcopatus
903 2387 1083 2469 nuperrime
1105 2386 1225 2452 Romae
1247 2406 1320 2453 con·

157 2477 330 2555 gregatas,
369 2473 442 2537 dum
473 2490 629 2538 summum
652 2472 837 2538 Pontificem
863 2472 997 2539 fehciter·
1019 2480 1207 2556 regnantem
1229 2493 1321 2557 prae·
1336 2511 1353 2537 .

157 2560 253 2626 claris
285 2559 370 2625 bisce
398 2559 504 2624 verbis
536 2560 693 2626 allocutus
716 2566 779 2626 est:
812 2559 899 2641 „Nou
923 2562 1005 2626 enim
1027 2579 1167 2644 unquam
1190 2562 1324 2628 obticuit

156 2665 195 2713 os
217 2647 331 2712 Tuum.
366 2646 414 2711 Tu
437 2653 585 2713 aeternas
607 2650 759 2714 veritates
783 2648 983 2729 annunciare,
999 2647 1047 2714 Tu
1063 2649 1181 2715 saeculi
1196 2667 1321 2714 errores

156 2733 340 2800 naturalem
364 2735 702 2817 supernaturalemque
724 2754 830 2800 rerum
853 2735 995 2801 ordinem
1019 2742 1115 2818 atque
1137 2737 1207 2818 ipss
1223 2737 1321 2802 eccle-

157 2821 309 2887 siasticae
333 2821 494 2904 civihsque
517 2823 684 2904 potestatis
706 2821 912 2887 fundamenta
935 2825 1118 2890 subvertere
1139 2825 1323 2889 minitantes

156 2909 331 2991 Apostolici
354 2909 470 2992 eloquii
492 2910 597 2993 gladio
621 2909 785 2992 configere,
809 2910 858 2974 Tu
880 2911 1046 2992 caliginem
1069 2929 1223 2976 novarum
1247 2911 1321 2976 doc-

157 2997 316 3062 trinarum
339 2997 500 3078 pravitate
522 2997 679 3062 mentibus
701 2995 832 3062 offusam
856 2997 1032 3080 dispellere,
1049 2998 1099 3062 Tu
1113 3017 1196 3079 quae
1210 3016 1320 3064 neces-

159 3084 245 3150 saria
268 3102 307 3149 uc
329 3084 482 3149 salutaria
505 3091 579 3149 suut
599 3091 668 3149 tum
684 3085 817 3166 siugulis
831 3083 1019 3165 hominibus,
1036 3090 1104 3150 tum
1120 3084 1322 3150 Christianae

159 3170 306 3251 famihae,
329 3175 398 3236 tum
422 3171 504 3237 civih
527 3172 680 3252 societati,
703 3172 859 3252 intrepide
883 3170 981 3250 affari,
999 3172 1145 3251 suadere,
1164 3190 1322 3238 common-

160 3259 236 3324 dare
272 3259 412 3339 supremi
445 3259 504 3323 Tui
537 3259 702 3324 ministerii
725 3277 759 3323 es
783 3259 972 3324 arbitratus:
1010 3264 1047 3324 ut
1069 3259 1196 3324 tandem
1220 3261 1324 3325 cuncti

160 3352 372 3430 assequantur
394 3345 470 3425 quid
492 3346 651 3411 hominem
675 3345 871 3410 Catholicnm
894 3352 1013 3426 tenere,
1037 3365 1176 3426 servare,
1190 3366 1228 3412 ac
1250 3366 1322 3428 pro·

160 3429 240 3498 liberi
263 3437 421 3514 oporteat.
467 3432 528 3497 Pro
552 3451 614 3514 qua
637 3434 749 3498 eximia
772 3452 849 3499 cura
871 3435 1023 3500 maximas
1045 3433 1213 3499 Sanctitati
1236 3434 1322 3498 Tuae

162 3521 281 3600 gratiam
304 3521 437 3600 agimus,
461 3519 601 3584 habituri
623 3538 730 3585 sumus
754 3522 982 3602 sempiternas3
1005 3523 1197 3602 Petrumque
1213 3540 1321 3604 paros

161 3605 206 3672 Pii
229 3606 372 3672 locutum
396 3606 573 3685 credentes,
604 3626 685 3688 quae
707 3607 748 3671 ad
771 3608 1012 3674 custodiendum
1036 3608 1214 3691 depositum
1237 3626 1257 3672 a
1279 3609 1322 3673 Te

161 3692 254 3774 dicta,
281 3692 476 3773 confirmata,
501 3695 627 3775 prolata
649 3699 733 3773 sunt,
757 3713 815 3760 nos
839 3714 963 3777 qnoque
985 3697 1134 3776 dicimus,
1159 3695 1324 3761 coufirma-

160 3796 250 3859 muS,
287 3782 532 3861 annunciamus,
555 3800 681 3862 unoque
704 3801 759 3846 ore
781 3787 876 3864 atque
898 3783 1002 3848 animo
1025 3783 1183 3867 rejicimus
1206 3783 1326 3861 omnia,

158 3884 241 3948 quae
282 3869 408 3932 divinae
437 3866 527 3947 fidei,
562 3869 657 3934 saluti
679 3871 875 3949 animarum,
899 3871 959 3952 ipsi
982 3871 1143 3935 societatis
1166 3868 1323 3934 humanae

156 3951 241 4021 bono
267 3955 406 4020 adversa
428 3955 476 4019 Tu
498 3957 566 4036 ipse
589 3956 790 4038 reprobanda
814 3975 851 4022 ao
874 3958 1047 4039 rejicienda
1065 3956 1279 4039 jndicasti.“¹)

150 4124 372 4142 w—

272 4219 293 4277 1)
314 4215 471 4284 Responsio
490 4215 695 4287 Episcopornm
713 4215 748 4270 ad
768 4215 815 4270 SS.
833 4217 867 4269 Ι).
886 4216 921 4273 N.
940 4216 1152 4283 Allocntionem,
1163 4216 1193 4270 in
1210 4215 1327 4271 solemn.

148 4277 238 4340 Saea.
264 4284 397 4352 Martyrii
424 4284 471 4340 SS.
495 4285 574 4341 Petri
601 4293 629 4340 ot
647 4285 741 4354 Pauli,
771 4285 814 4340 die
834 4290 857 4339 1.
877 4285 945 4339 Julii
966 4286 1049 4355 18673
1084 4287 1127 4340 cni
1144 4287 1327 4355 Iteapousioni

148 4355 387 4423 subscripserunt
406 4357 546 4423 quingenti
565 4355 623 4410 fere
641 4355 780 4424 Episcopi.

213 4456 341 4511 nortun,
365 4459 519 4502 Documento.
546 4461 608 4502 nort.
624 4460 655 4500 rr.
1201 4447 1217 4496 6
