<?xml version="1.0" encoding="UTF-8"?>
<!DOCTYPE html PUBLIC "-//W3C//DTD XHTML 1.0 Transitional//EN"
    "http://www.w3.org/TR/xhtml1/DTD/xhtml1-transitional.dtd">
<html xmlns="http://www.w3.org/1999/xhtml" xml:lang="en" lang="en">
 <head>
  <title>
</title>
<meta http-equiv="Content-Type" content="text/html;charset=utf-8" />
  <meta name='ocr-system' content='tesseract 3.04.00' />
  <meta name='ocr-capabilities' content='ocr_page ocr_carea ocr_par ocr_line ocrx_word'/>
</head>
<body>
  <div class='ocr_page' id='page_1' title='image "./omniumconciliiv01martgoog_0127.png"; bbox 0 0 2946 4942; ppageno 0'>
   <div class='ocr_carea' id='block_1_1' title="bbox 149 316 830 378">
    <p class='ocr_par' dir='ltr' id='par_1_1' title="bbox 149 316 830 378">
     <span class='ocr_line' id='line_1_1' title="bbox 149 316 830 378; baseline -0.006 0"><span class='ocrx_word' id='word_1_1' title='bbox 149 351 155 369; x_wconf 58' lang='grc' dir='ltr'><em>ι</em></span> <span class='ocrx_word' id='word_1_2' title='bbox 171 316 233 378; x_wconf 80' lang='lat'>122</span> <span class='ocrx_word' id='word_1_3' title='bbox 662 327 830 376; x_wconf 81' lang='lat' dir='ltr'>rosruuam</span> 
     </span>
    </p>
   </div>
   <div class='ocr_carea' id='block_1_2' title="bbox 165 464 1330 4383">
    <p class='ocr_par' dir='ltr' id='par_1_2' title="bbox 170 464 1328 982">
     <span class='ocr_line' id='line_1_2' title="bbox 170 464 1326 549; baseline -0.004 -15"><span class='ocrx_word' id='word_1_4' title='bbox 170 475 365 534; x_wconf 90' lang='lat' dir='ltr'>contractum</span> <span class='ocrx_word' id='word_1_5' title='bbox 389 468 538 542; x_wconf 80' lang='lat' dir='ltr'>comitari,</span> <span class='ocrx_word' id='word_1_6' title='bbox 568 472 645 549; x_wconf 90' lang='lat' dir='ltr'>puta</span> <span class='ocrx_word' id='word_1_7' title='bbox 668 467 791 531; x_wconf 82' lang='lat' dir='ltr'>lucram</span> <span class='ocrx_word' id='word_1_8' title='bbox 814 482 950 544; x_wconf 75' lang='lat' dir='ltr'>meroes,</span> <span class='ocrx_word' id='word_1_9' title='bbox 983 464 1134 528; x_wconf 82' lang='lat' dir='ltr'>domnum</span> <span class='ocrx_word' id='word_1_10' title='bbox 1156 483 1326 546; x_wconf 78' lang='lat' dir='ltr'>emerpeas,</span> 
     </span>
     <span class='ocr_line' id='line_1_3' title="bbox 171 552 1328 634; baseline -0.003 -15"><span class='ocrx_word' id='word_1_11' title='bbox 171 556 363 620; x_wconf 78' lang='lat' dir='ltr'>omittendae</span> <span class='ocrx_word' id='word_1_12' title='bbox 394 556 492 619; x_wconf 82' lang='lat' dir='ltr'>sortis</span> <span class='ocrx_word' id='word_1_13' title='bbox 508 554 690 634; x_wconf 80' lang='lat' dir='ltr'>periculum</span> <span class='ocrx_word' id='word_1_14' title='bbox 713 561 791 631; x_wconf 87' lang='lat' dir='ltr'>etc.;</span> <span class='ocrx_word' id='word_1_15' title='bbox 822 559 896 616; x_wconf 91' lang='lat' dir='ltr'>tunc</span> <span class='ocrx_word' id='word_1_16' title='bbox 920 552 1183 632; x_wconf 84' lang='lat' dir='ltr'>compensationis</span> <span class='ocrx_word' id='word_1_17' title='bbox 1206 552 1328 616; x_wconf 90' lang='lat' dir='ltr'>ratione</span> 
     </span>
     <span class='ocr_line' id='line_1_4' title="bbox 170 639 1327 722; baseline -0.003 -18"><span class='ocrx_word' id='word_1_18' title='bbox 170 644 215 707; x_wconf 86' lang='lat' dir='ltr'>sic</span> <span class='ocrx_word' id='word_1_19' title='bbox 239 643 381 707; x_wconf 88' lang='lat' dir='ltr'>dictante</span> <span class='ocrx_word' id='word_1_20' title='bbox 403 642 530 722; x_wconf 75' lang='lat' dir='ltr'>aliquid,</span> <span class='ocrx_word' id='word_1_21' title='bbox 561 640 601 705; x_wconf 92' lang='lat' dir='ltr'>ad</span> <span class='ocrx_word' id='word_1_22' title='bbox 620 642 762 722; x_wconf 88' lang='lat' dir='ltr'>justitiae</span> <span class='ocrx_word' id='word_1_23' title='bbox 785 657 936 722; x_wconf 83' lang='lat' dir='ltr'>normam,</span> <span class='ocrx_word' id='word_1_24' title='bbox 960 639 1079 720; x_wconf 85' lang='lat' dir='ltr'>percipi</span> <span class='ocrx_word' id='word_1_25' title='bbox 1101 656 1193 719; x_wconf 86' lang='lat' dir='ltr'>posse</span> <span class='ocrx_word' id='word_1_26' title='bbox 1217 656 1327 720; x_wconf 88' lang='lat' dir='ltr'>supra·</span> 
     </span>
     <span class='ocr_line' id='line_1_5' title="bbox 171 725 1327 809; baseline -0.004 -15"><span class='ocrx_word' id='word_1_27' title='bbox 171 731 246 794; x_wconf 91' lang='lat' dir='ltr'>dicti</span> <span class='ocrx_word' id='word_1_28' title='bbox 279 731 431 793; x_wconf 80' lang='lat' dir='ltr'>Doctores</span> <span class='ocrx_word' id='word_1_29' title='bbox 459 736 491 792; x_wconf 88' lang='lat' dir='ltr'>et</span> <span class='ocrx_word' id='word_1_30' title='bbox 523 730 672 793; x_wconf 88' lang='lat' dir='ltr'>Pastores</span> <span class='ocrx_word' id='word_1_31' title='bbox 703 729 824 809; x_wconf 90' lang='lat' dir='ltr'>pariter</span> <span class='ocrx_word' id='word_1_32' title='bbox 853 725 1068 792; x_wconf 85' lang='lat' dir='ltr'>Christianum</span> <span class='ocrx_word' id='word_1_33' title='bbox 1096 725 1252 806; x_wconf 90' lang='lat' dir='ltr'>Populum</span> <span class='ocrx_word' id='word_1_34' title='bbox 1274 726 1327 790; x_wconf 92' lang='lat' dir='ltr'>do-</span> 
     </span>
     <span class='ocr_line' id='line_1_6' title="bbox 171 813 1327 896; baseline -0.007 -14"><span class='ocrx_word' id='word_1_35' title='bbox 171 825 287 892; x_wconf 82' lang='lat' dir='ltr'>centes,</span> <span class='ocrx_word' id='word_1_36' title='bbox 310 835 427 896; x_wconf 84' lang='lat' dir='ltr'>negare</span> <span class='ocrx_word' id='word_1_37' title='bbox 449 835 513 881; x_wconf 91' lang='lat' dir='ltr'>non</span> <span class='ocrx_word' id='word_1_38' title='bbox 535 821 610 880; x_wconf 88' lang='lat' dir='ltr'>sunt</span> <span class='ocrx_word' id='word_1_39' title='bbox 632 815 710 894; x_wconf 86' lang='lat' dir='ltr'>ausi,</span> <span class='ocrx_word' id='word_1_40' title='bbox 739 833 776 879; x_wconf 92' lang='lat' dir='ltr'>eo</span> <span class='ocrx_word' id='word_1_41' title='bbox 799 814 883 894; x_wconf 89' lang='lat' dir='ltr'>quod</span> <span class='ocrx_word' id='word_1_42' title='bbox 905 832 968 878; x_wconf 92' lang='lat' dir='ltr'>non</span> <span class='ocrx_word' id='word_1_43' title='bbox 990 814 1019 875; x_wconf 89' lang='lat' dir='ltr'>vi</span> <span class='ocrx_word' id='word_1_44' title='bbox 1043 814 1154 890; x_wconf 87' lang='lat' dir='ltr'>mutui,</span> <span class='ocrx_word' id='word_1_45' title='bbox 1188 813 1244 877; x_wconf 90' lang='lat' dir='ltr'>sed</span> <span class='ocrx_word' id='word_1_46' title='bbox 1267 813 1327 877; x_wconf 88' lang='lat' dir='ltr'>alio</span> 
     </span>
     <span class='ocr_line' id='line_1_7' title="bbox 170 901 1222 982; baseline -0.001 -17"><span class='ocrx_word' id='word_1_47' title='bbox 170 904 262 968; x_wconf 88' lang='lat' dir='ltr'>titulo</span> <span class='ocrx_word' id='word_1_48' title='bbox 286 904 411 967; x_wconf 92' lang='lat' dir='ltr'>omnino</span> <span class='ocrx_word' id='word_1_49' title='bbox 435 904 609 967; x_wconf 82' lang='lat' dir='ltr'>extrinseco</span> <span class='ocrx_word' id='word_1_50' title='bbox 632 902 751 982; x_wconf 87' lang='lat' dir='ltr'>aliquid</span> <span class='ocrx_word' id='word_1_51' title='bbox 775 901 859 966; x_wconf 89' lang='lat' dir='ltr'>ultra</span> <span class='ocrx_word' id='word_1_52' title='bbox 883 906 997 965; x_wconf 80' lang='lat' dir='ltr'>sortem</span> <span class='ocrx_word' id='word_1_53' title='bbox 1023 901 1222 982; x_wconf 81' lang='lat' dir='ltr'>percipiatur.</span> 
     </span>
    </p>

    <p class='ocr_par' dir='ltr' id='par_1_3' title="bbox 168 986 1328 1769">
     <span class='ocr_line' id='line_1_8' title="bbox 274 986 1328 1070; baseline -0.002 -17"><span class='ocrx_word' id='word_1_54' title='bbox 274 991 316 1053; x_wconf 84' lang='lat' dir='ltr'>At</span> <span class='ocrx_word' id='word_1_55' title='bbox 338 991 479 1070; x_wconf 89' lang='lat' dir='ltr'>pluribus</span> <span class='ocrx_word' id='word_1_56' title='bbox 503 989 618 1054; x_wconf 82' lang='lat' dir='ltr'>abhinc</span> <span class='ocrx_word' id='word_1_57' title='bbox 640 991 742 1064; x_wconf 86' lang='lat' dir='ltr'>annis,</span> <span class='ocrx_word' id='word_1_58' title='bbox 775 989 932 1052; x_wconf 92' lang='lat' dir='ltr'>neminem</span> <span class='ocrx_word' id='word_1_59' title='bbox 954 988 1046 1066; x_wconf 88' lang='lat' dir='ltr'>latet,</span> <span class='ocrx_word' id='word_1_60' title='bbox 1075 987 1245 1051; x_wconf 91' lang='lat' dir='ltr'>nonnullos</span> <span class='ocrx_word' id='word_1_61' title='bbox 1268 986 1328 1052; x_wconf 86' lang='lat' dir='ltr'>Ca·</span> 
     </span>
     <span class='ocr_line' id='line_1_9' title="bbox 168 1075 1326 1157; baseline -0.003 -17"><span class='ocrx_word' id='word_1_62' title='bbox 168 1078 302 1142; x_wconf 92' lang='lat' dir='ltr'>tholicos</span> <span class='ocrx_word' id='word_1_63' title='bbox 319 1080 472 1142; x_wconf 86' lang='lat' dir='ltr'>Doctores</span> <span class='ocrx_word' id='word_1_64' title='bbox 495 1095 608 1140; x_wconf 88' lang='lat' dir='ltr'>novam</span> <span class='ocrx_word' id='word_1_65' title='bbox 624 1077 713 1157; x_wconf 88' lang='lat' dir='ltr'>quasi</span> <span class='ocrx_word' id='word_1_66' title='bbox 729 1077 916 1140; x_wconf 89' lang='lat' dir='ltr'>sententiam</span> <span class='ocrx_word' id='word_1_67' title='bbox 939 1076 1089 1153; x_wconf 84' lang='lat' dir='ltr'>tenuisse,</span> <span class='ocrx_word' id='word_1_68' title='bbox 1114 1093 1151 1139; x_wconf 92' lang='lat' dir='ltr'>ac</span> <span class='ocrx_word' id='word_1_69' title='bbox 1168 1075 1326 1139; x_wconf 89' lang='lat' dir='ltr'>docuisse:</span> 
     </span>
     <span class='ocr_line' id='line_1_10' title="bbox 174 1162 1326 1245; baseline -0.003 -17"><span class='ocrx_word' id='word_1_70' title='bbox 174 1164 298 1243; x_wconf 73' lang='lat' dir='ltr'>„Posse</span> <span class='ocrx_word' id='word_1_71' title='bbox 323 1184 444 1245; x_wconf 89' lang='lat' dir='ltr'>nempe,</span> <span class='ocrx_word' id='word_1_72' title='bbox 469 1163 599 1229; x_wconf 88' lang='lat' dir='ltr'>Civilem</span> <span class='ocrx_word' id='word_1_73' title='bbox 618 1162 796 1244; x_wconf 91' lang='lat' dir='ltr'>Principem</span> <span class='ocrx_word' id='word_1_74' title='bbox 819 1162 859 1226; x_wconf 86' lang='lat' dir='ltr'>ad</span> <span class='ocrx_word' id='word_1_75' title='bbox 875 1162 1076 1242; x_wconf 78' lang='lat' dir='ltr'>Reipublicae</span> <span class='ocrx_word' id='word_1_76' title='bbox 1093 1163 1209 1226; x_wconf 92' lang='lat' dir='ltr'>bonum</span> <span class='ocrx_word' id='word_1_77' title='bbox 1234 1180 1326 1241; x_wconf 92' lang='lat' dir='ltr'>quam</span> 
     </span>
     <span class='ocr_line' id='line_1_11' title="bbox 169 1249 1326 1332; baseline -0.004 -15"><span class='ocrx_word' id='word_1_78' title='bbox 169 1253 302 1316; x_wconf 86' lang='lat' dir='ltr'>maxime</span> <span class='ocrx_word' id='word_1_79' title='bbox 325 1252 486 1329; x_wconf 90' lang='lat' dir='ltr'>tuendum,</span> <span class='ocrx_word' id='word_1_80' title='bbox 510 1271 547 1315; x_wconf 87' lang='lat' dir='ltr'>ac</span> <span class='ocrx_word' id='word_1_81' title='bbox 569 1253 738 1332; x_wconf 84' lang='lat' dir='ltr'>praecipue</span> <span class='ocrx_word' id='word_1_82' title='bbox 763 1251 803 1315; x_wconf 93' lang='lat' dir='ltr'>ad</span> <span class='ocrx_word' id='word_1_83' title='bbox 826 1250 1044 1314; x_wconf 91' lang='lat' dir='ltr'>commercium</span> <span class='ocrx_word' id='word_1_84' title='bbox 1070 1249 1326 1329; x_wconf 85' lang='lat' dir='ltr'>promovendum,</span> 
     </span>
     <span class='ocr_line' id='line_1_12' title="bbox 170 1336 1327 1418; baseline -0.004 -15"><span class='ocrx_word' id='word_1_85' title='bbox 170 1340 335 1403; x_wconf 89' lang='lat' dir='ltr'>eminentis</span> <span class='ocrx_word' id='word_1_86' title='bbox 352 1340 478 1404; x_wconf 92' lang='lat' dir='ltr'>dominii</span> <span class='ocrx_word' id='word_1_87' title='bbox 492 1339 571 1418; x_wconf 83' lang='lat' dir='ltr'>jnre,</span> <span class='ocrx_word' id='word_1_88' title='bbox 595 1338 806 1401; x_wconf 88' lang='lat' dir='ltr'>Mutuatarios</span> <span class='ocrx_word' id='word_1_89' title='bbox 823 1344 931 1400; x_wconf 81' lang='lat' dir='ltr'>taxare</span> <span class='ocrx_word' id='word_1_90' title='bbox 948 1336 988 1400; x_wconf 90' lang='lat' dir='ltr'>ad</span> <span class='ocrx_word' id='word_1_91' title='bbox 1012 1341 1131 1399; x_wconf 87' lang='lat' dir='ltr'>certum</span> <span class='ocrx_word' id='word_1_92' title='bbox 1147 1338 1327 1401; x_wconf 88' lang='lat' dir='ltr'>auctarium</span> 
     </span>
     <span class='ocr_line' id='line_1_13' title="bbox 170 1423 1326 1505; baseline -0.002 -17"><span class='ocrx_word' id='word_1_93' title='bbox 170 1429 202 1489; x_wconf 93' lang='lat' dir='ltr'>in</span> <span class='ocrx_word' id='word_1_94' title='bbox 227 1426 438 1490; x_wconf 88' lang='lat' dir='ltr'>Mutuantium</span> <span class='ocrx_word' id='word_1_95' title='bbox 463 1426 666 1504; x_wconf 80' lang='lat' dir='ltr'>cornmodum,</span> <span class='ocrx_word' id='word_1_96' title='bbox 699 1444 755 1488; x_wconf 89' lang='lat' dir='ltr'>seu</span> <span class='ocrx_word' id='word_1_97' title='bbox 778 1425 960 1505; x_wconf 83' lang='lat' dir='ltr'>praemium,</span> <span class='ocrx_word' id='word_1_98' title='bbox 985 1430 1020 1487; x_wconf 90' lang='lat' dir='ltr'>ut</span> <span class='ocrx_word' id='word_1_99' title='bbox 1044 1423 1179 1498; x_wconf 78' lang='lat' dir='ltr'>dicunt,“</span> <span class='ocrx_word' id='word_1_100' title='bbox 1212 1425 1261 1488; x_wconf 90' lang='lat' dir='ltr'>ita</span> <span class='ocrx_word' id='word_1_101' title='bbox 1283 1428 1326 1501; x_wconf 77' lang='lat' dir='ltr'>ut,</span> 
     </span>
     <span class='ocr_line' id='line_1_14' title="bbox 170 1511 1328 1592; baseline -0.003 -16"><span class='ocrx_word' id='word_1_102' title='bbox 170 1511 255 1577; x_wconf 88' lang='lat' dir='ltr'>ultra</span> <span class='ocrx_word' id='word_1_103' title='bbox 270 1519 362 1576; x_wconf 93' lang='lat' dir='ltr'>notos</span> <span class='ocrx_word' id='word_1_104' title='bbox 383 1513 493 1577; x_wconf 90' lang='lat' dir='ltr'>titulos</span> <span class='ocrx_word' id='word_1_105' title='bbox 509 1514 701 1576; x_wconf 86' lang='lat' dir='ltr'>extrinsecos</span> <span class='ocrx_word' id='word_1_106' title='bbox 724 1511 800 1574; x_wconf 89' lang='lat' dir='ltr'>lucri</span> <span class='ocrx_word' id='word_1_107' title='bbox 818 1511 978 1589; x_wconf 76' lang='lat' dir='ltr'>cessantis</span> <span class='ocrx_word' id='word_1_108' title='bbox 1004 1511 1111 1574; x_wconf 90' lang='lat' dir='ltr'>damni</span> <span class='ocrx_word' id='word_1_109' title='bbox 1127 1511 1328 1592; x_wconf 75' lang='lat' dir='ltr'>emergentis,</span> 
     </span>
     <span class='ocr_line' id='line_1_15' title="bbox 170 1597 1325 1680; baseline -0.001 -18"><span class='ocrx_word' id='word_1_110' title='bbox 170 1607 202 1663; x_wconf 93' lang='lat' dir='ltr'>et</span> <span class='ocrx_word' id='word_1_111' title='bbox 224 1600 356 1680; x_wconf 85' lang='lat' dir='ltr'>periculi</span> <span class='ocrx_word' id='word_1_112' title='bbox 378 1600 570 1664; x_wconf 89' lang='lat' dir='ltr'>amittendae</span> <span class='ocrx_word' id='word_1_113' title='bbox 594 1602 696 1677; x_wconf 76' lang='lat' dir='ltr'>sortis,</span> <span class='ocrx_word' id='word_1_114' title='bbox 728 1618 842 1662; x_wconf 90' lang='lat' dir='ltr'>novum</span> <span class='ocrx_word' id='word_1_115' title='bbox 867 1600 1076 1662; x_wconf 84' lang='lat' dir='ltr'>extrinsecum</span> <span class='ocrx_word' id='word_1_116' title='bbox 1099 1599 1236 1675; x_wconf 69' lang='lat' dir='ltr'>titulum,</span> <span class='ocrx_word' id='word_1_117' title='bbox 1268 1597 1325 1662; x_wconf 89' lang='lat' dir='ltr'>sci-</span> 
     </span>
     <span class='ocr_line' id='line_1_16' title="bbox 169 1686 911 1769; baseline -0.003 -20"><span class='ocrx_word' id='word_1_118' title='bbox 169 1686 244 1751; x_wconf 89' lang='lat' dir='ltr'>licet</span> <span class='ocrx_word' id='word_1_119' title='bbox 266 1686 435 1765; x_wconf 80' lang='lat' dir='ltr'>Principis</span> <span class='ocrx_word' id='word_1_120' title='bbox 458 1687 580 1769; x_wconf 70' lang='lat' dir='ltr'>Lepm,</span> <span class='ocrx_word' id='word_1_121' title='bbox 606 1687 735 1751; x_wconf 91' lang='lat' dir='ltr'>admitti</span> <span class='ocrx_word' id='word_1_122' title='bbox 758 1692 911 1768; x_wconf 89' lang='lat' dir='ltr'>oporteat.</span> 
     </span>
    </p>

    <p class='ocr_par' dir='ltr' id='par_1_4' title="bbox 166 1771 1329 3162">
     <span class='ocr_line' id='line_1_17' title="bbox 274 1771 1328 1854; baseline -0.003 -17"><span class='ocrx_word' id='word_1_123' title='bbox 274 1774 402 1838; x_wconf 85' lang='lat' dir='ltr'>Interim</span> <span class='ocrx_word' id='word_1_124' title='bbox 425 1773 593 1853; x_wconf 82' lang='lat' dir='ltr'>Theologis</span> <span class='ocrx_word' id='word_1_125' title='bbox 626 1774 796 1838; x_wconf 90' lang='lat' dir='ltr'>hincinde</span> <span class='ocrx_word' id='word_1_126' title='bbox 826 1771 1060 1854; x_wconf 80' lang='lat' dir='ltr'>disputantibus</span> <span class='ocrx_word' id='word_1_127' title='bbox 1084 1773 1122 1836; x_wconf 94' lang='lat' dir='ltr'>de</span> <span class='ocrx_word' id='word_1_128' title='bbox 1145 1773 1204 1837; x_wconf 93' lang='lat' dir='ltr'>hoc</span> <span class='ocrx_word' id='word_1_129' title='bbox 1228 1788 1328 1852; x_wconf 91' lang='lat' dir='ltr'>nuper</span> 
     </span>
     <span class='ocr_line' id='line_1_18' title="bbox 170 1858 1327 1942; baseline -0.003 -18"><span class='ocrx_word' id='word_1_130' title='bbox 170 1861 293 1925; x_wconf 88' lang='lat' dir='ltr'>invecto</span> <span class='ocrx_word' id='word_1_131' title='bbox 327 1861 420 1925; x_wconf 90' lang='lat' dir='ltr'>titulo</span> <span class='ocrx_word' id='word_1_132' title='bbox 449 1860 563 1925; x_wconf 83' lang='lat' dir='ltr'>Sacrae</span> <span class='ocrx_word' id='word_1_133' title='bbox 593 1860 858 1924; x_wconf 88' lang='lat' dir='ltr'>Poenitentiariae</span> <span class='ocrx_word' id='word_1_134' title='bbox 888 1861 1049 1942; x_wconf 90' lang='lat' dir='ltr'>proposita</span> <span class='ocrx_word' id='word_1_135' title='bbox 1076 1858 1135 1924; x_wconf 82' lang='lat' dir='ltr'>luit</span> <span class='ocrx_word' id='word_1_136' title='bbox 1164 1859 1327 1941; x_wconf 87' lang='lat' dir='ltr'>quaestio:</span> 
     </span>
     <span class='ocr_line' id='line_1_19' title="bbox 175 1944 1327 2029; baseline -0.001 -18"><span class='ocrx_word' id='word_1_137' title='bbox 175 1966 266 2025; x_wconf 90' lang='lat' dir='ltr'>„num</span> <span class='ocrx_word' id='word_1_138' title='bbox 290 1948 448 2029; x_wconf 81' lang='lat' dir='ltr'>cogendus</span> <span class='ocrx_word' id='word_1_139' title='bbox 472 1956 556 2012; x_wconf 89' lang='lat' dir='ltr'>esset</span> <span class='ocrx_word' id='word_1_140' title='bbox 579 1950 619 2012; x_wconf 90' lang='lat' dir='ltr'>ad</span> <span class='ocrx_word' id='word_1_141' title='bbox 642 1949 875 2012; x_wconf 88' lang='lat' dir='ltr'>restitutionem</span> <span class='ocrx_word' id='word_1_142' title='bbox 899 1948 1072 2028; x_wconf 78' lang='lat' dir='ltr'>poenitens,</span> <span class='ocrx_word' id='word_1_143' title='bbox 1097 1948 1242 2027; x_wconf 88' lang='lat' dir='ltr'>quisine</span> <span class='ocrx_word' id='word_1_144' title='bbox 1266 1944 1327 2010; x_wconf 87' lang='lat' dir='ltr'>alio</span> 
     </span>
     <span class='ocr_line' id='line_1_20' title="bbox 169 2035 1328 2114; baseline -0.001 -16"><span class='ocrx_word' id='word_1_145' title='bbox 169 2036 343 2100; x_wconf 89' lang='lat' dir='ltr'>extrinseco</span> <span class='ocrx_word' id='word_1_146' title='bbox 366 2035 478 2114; x_wconf 85' lang='lat' dir='ltr'>titulo,</span> <span class='ocrx_word' id='word_1_147' title='bbox 512 2037 673 2100; x_wconf 87' lang='lat' dir='ltr'>occasione</span> <span class='ocrx_word' id='word_1_148' title='bbox 696 2036 794 2098; x_wconf 90' lang='lat' dir='ltr'>mutui</span> <span class='ocrx_word' id='word_1_149' title='bbox 811 2037 985 2099; x_wconf 88' lang='lat' dir='ltr'>auctarium</span> <span class='ocrx_word' id='word_1_150' title='bbox 1008 2040 1168 2099; x_wconf 92' lang='lat' dir='ltr'>scutorum</span> <span class='ocrx_word' id='word_1_151' title='bbox 1191 2038 1328 2114; x_wconf 87' lang='lat' dir='ltr'>quatuor</span> 
     </span>
     <span class='ocr_line' id='line_1_21' title="bbox 170 2121 1322 2202; baseline 0.002 -18"><span class='ocrx_word' id='word_1_152' title='bbox 170 2122 201 2184; x_wconf 93' lang='lat' dir='ltr'>in</span> <span class='ocrx_word' id='word_1_153' title='bbox 226 2124 335 2201; x_wconf 90' lang='lat' dir='ltr'>quovis</span> <span class='ocrx_word' id='word_1_154' title='bbox 359 2124 547 2201; x_wconf 75' lang='lat' dir='ltr'>centenario,</span> <span class='ocrx_word' id='word_1_155' title='bbox 577 2124 609 2184; x_wconf 87' lang='lat' dir='ltr'>vi</span> <span class='ocrx_word' id='word_1_156' title='bbox 632 2121 738 2186; x_wconf 85' lang='lat' dir='ltr'>Civilis</span> <span class='ocrx_word' id='word_1_157' title='bbox 762 2123 854 2202; x_wconf 84' lang='lat' dir='ltr'>Legis</span> <span class='ocrx_word' id='word_1_158' title='bbox 876 2125 1009 2199; x_wconf 83' lang='lat' dir='ltr'>tantum,</span> <span class='ocrx_word' id='word_1_159' title='bbox 1042 2125 1258 2202; x_wconf 87' lang='lat' dir='ltr'>perceperat.“</span> <span class='ocrx_word' id='word_1_160' title='bbox 1285 2156 1322 2168; x_wconf 86' lang='lat'><em>-</em></span> 
     </span>
     <span class='ocr_line' id='line_1_22' title="bbox 174 2205 1329 2289; baseline 0.003 -20"><span class='ocrx_word' id='word_1_161' title='bbox 174 2205 465 2284; x_wconf 85' lang='lat' dir='ltr'>„Eminentissimus</span> <span class='ocrx_word' id='word_1_162' title='bbox 487 2209 751 2273; x_wconf 81' lang='lat' dir='ltr'>Paenitentiarius</span> <span class='ocrx_word' id='word_1_163' title='bbox 774 2209 936 2289; x_wconf 89' lang='lat' dir='ltr'>respondit</span> <span class='ocrx_word' id='word_1_164' title='bbox 957 2209 1090 2273; x_wconf 80' lang='lat' dir='ltr'>Dictum</span> <span class='ocrx_word' id='word_1_165' title='bbox 1114 2210 1329 2273; x_wconf 81' lang='lat' dir='ltr'>Poenitentem</span> 
     </span>
     <span class='ocr_line' id='line_1_23' title="bbox 170 2296 1326 2377; baseline 0.002 -21"><span class='ocrx_word' id='word_1_166' title='bbox 170 2314 233 2357; x_wconf 84' lang='lat' dir='ltr'>noa</span> <span class='ocrx_word' id='word_1_167' title='bbox 257 2314 322 2359; x_wconf 84' lang='lat' dir='ltr'>esse</span> <span class='ocrx_word' id='word_1_168' title='bbox 336 2296 586 2376; x_wconf 76' lang='lat' dir='ltr'>inquietandam,</span> <span class='ocrx_word' id='word_1_169' title='bbox 610 2297 777 2360; x_wconf 84' lang='lat' dir='ltr'>dummodo</span> <span class='ocrx_word' id='word_1_170' title='bbox 799 2297 834 2359; x_wconf 79' lang='lat' dir='ltr'>iu</span> <span class='ocrx_word' id='word_1_171' title='bbox 853 2297 934 2360; x_wconf 81' lang='lat' dir='ltr'>bona</span> <span class='ocrx_word' id='word_1_172' title='bbox 948 2296 1011 2376; x_wconf 76' lang='lat' dir='ltr'>fide</span> <span class='ocrx_word' id='word_1_173' title='bbox 1033 2303 1120 2374; x_wconf 82' lang='lat' dir='ltr'>esset,</span> <span class='ocrx_word' id='word_1_174' title='bbox 1144 2301 1174 2360; x_wconf 84' lang='lat' dir='ltr'>et</span> <span class='ocrx_word' id='word_1_175' title='bbox 1182 2301 1326 2377; x_wconf 82' lang='lat' dir='ltr'>paratas</span> 
     </span>
     <span class='ocr_line' id='line_1_24' title="bbox 169 2381 1327 2464; baseline 0.002 -21"><span class='ocrx_word' id='word_1_176' title='bbox 169 2385 257 2446; x_wconf 80' lang='lat' dir='ltr'>stare</span> <span class='ocrx_word' id='word_1_177' title='bbox 273 2382 398 2463; x_wconf 78' lang='lat' dir='ltr'>judicio</span> <span class='ocrx_word' id='word_1_178' title='bbox 421 2383 626 2461; x_wconf 80' lang='lat' dir='ltr'>Apostolicae</span> <span class='ocrx_word' id='word_1_179' title='bbox 647 2383 769 2449; x_wconf 72' lang='lat' dir='ltr'>Sedisf‘</span> <span class='ocrx_word' id='word_1_180' title='bbox 804 2383 892 2458; x_wconf 83' lang='lat' dir='ltr'>Quae</span> <span class='ocrx_word' id='word_1_181' title='bbox 915 2385 1075 2463; x_wconf 90' lang='lat' dir='ltr'>responsio</span> <span class='ocrx_word' id='word_1_182' title='bbox 1098 2384 1208 2464; x_wconf 89' lang='lat' dir='ltr'>procul</span> <span class='ocrx_word' id='word_1_183' title='bbox 1232 2381 1327 2449; x_wconf 92' lang='lat' dir='ltr'>dubio</span> 
     </span>
     <span class='ocr_line' id='line_1_25' title="bbox 169 2469 1328 2551; baseline 0.001 -20"><span class='ocrx_word' id='word_1_184' title='bbox 169 2486 232 2533; x_wconf 92' lang='lat' dir='ltr'>non</span> <span class='ocrx_word' id='word_1_185' title='bbox 255 2469 296 2533; x_wconf 86' lang='lat' dir='ltr'>ad</span> <span class='ocrx_word' id='word_1_186' title='bbox 318 2487 458 2532; x_wconf 90' lang='lat' dir='ltr'>normam</span> <span class='ocrx_word' id='word_1_187' title='bbox 481 2470 657 2534; x_wconf 87' lang='lat' dir='ltr'>absolutam</span> <span class='ocrx_word' id='word_1_188' title='bbox 682 2477 714 2535; x_wconf 91' lang='lat' dir='ltr'>et</span> <span class='ocrx_word' id='word_1_189' title='bbox 738 2475 922 2551; x_wconf 90' lang='lat' dir='ltr'>perpetuam</span> <span class='ocrx_word' id='word_1_190' title='bbox 946 2471 1151 2536; x_wconf 85' lang='lat' dir='ltr'>exhibendam</span> <span class='ocrx_word' id='word_1_191' title='bbox 1174 2470 1235 2534; x_wconf 87' lang='lat' dir='ltr'>fuit</span> <span class='ocrx_word' id='word_1_192' title='bbox 1257 2486 1328 2550; x_wconf 91' lang='lat' dir='ltr'>pro·</span> 
     </span>
     <span class='ocr_line' id='line_1_26' title="bbox 169 2555 1327 2639; baseline 0.001 -21"><span class='ocrx_word' id='word_1_193' title='bbox 169 2555 244 2619; x_wconf 89' lang='lat' dir='ltr'>lata.</span> <span class='ocrx_word' id='word_1_194' title='bbox 279 2557 376 2620; x_wconf 85' lang='lat' dir='ltr'>Emus</span> <span class='ocrx_word' id='word_1_195' title='bbox 393 2556 657 2621; x_wconf 86' lang='lat' dir='ltr'>Poenitentiarius</span> <span class='ocrx_word' id='word_1_196' title='bbox 680 2559 761 2621; x_wconf 92' lang='lat' dir='ltr'>enim</span> <span class='ocrx_word' id='word_1_197' title='bbox 785 2557 856 2621; x_wconf 88' lang='lat' dir='ltr'>hinc</span> <span class='ocrx_word' id='word_1_198' title='bbox 878 2560 975 2638; x_wconf 93' lang='lat' dir='ltr'>probe</span> <span class='ocrx_word' id='word_1_199' title='bbox 992 2559 1094 2623; x_wconf 91' lang='lat' dir='ltr'>sciens</span> <span class='ocrx_word' id='word_1_200' title='bbox 1117 2564 1194 2639; x_wconf 90' lang='lat' dir='ltr'>quot</span> <span class='ocrx_word' id='word_1_201' title='bbox 1218 2564 1327 2621; x_wconf 90' lang='lat' dir='ltr'>contra</span> 
     </span>
     <span class='ocr_line' id='line_1_27' title="bbox 168 2642 1327 2724; baseline 0.001 -18"><span class='ocrx_word' id='word_1_202' title='bbox 168 2646 298 2707; x_wconf 91' lang='lat' dir='ltr'>usuram</span> <span class='ocrx_word' id='word_1_203' title='bbox 320 2642 497 2708; x_wconf 89' lang='lat' dir='ltr'>habeantur</span> <span class='ocrx_word' id='word_1_204' title='bbox 519 2645 656 2709; x_wconf 87' lang='lat' dir='ltr'>Decreta</span> <span class='ocrx_word' id='word_1_205' title='bbox 680 2652 712 2709; x_wconf 92' lang='lat' dir='ltr'>et</span> <span class='ocrx_word' id='word_1_206' title='bbox 734 2644 981 2724; x_wconf 87' lang='lat' dir='ltr'>Declarationes‚</span> <span class='ocrx_word' id='word_1_207' title='bbox 1004 2646 1076 2710; x_wconf 90' lang='lat' dir='ltr'>inde</span> <span class='ocrx_word' id='word_1_208' title='bbox 1097 2664 1172 2709; x_wconf 86' lang='lat' dir='ltr'>vero</span> <span class='ocrx_word' id='word_1_209' title='bbox 1189 2643 1327 2709; x_wconf 83' lang='lat' dir='ltr'>Gathoh·</span> 
     </span>
     <span class='ocr_line' id='line_1_28' title="bbox 170 2731 1327 2814; baseline 0.001 -21"><span class='ocrx_word' id='word_1_210' title='bbox 170 2748 276 2794; x_wconf 90' lang='lat' dir='ltr'>comm</span> <span class='ocrx_word' id='word_1_211' title='bbox 308 2732 482 2794; x_wconf 87' lang='lat' dir='ltr'>Doctorum</span> <span class='ocrx_word' id='word_1_212' title='bbox 511 2734 576 2812; x_wconf 90' lang='lat' dir='ltr'>(qui</span> <span class='ocrx_word' id='word_1_213' title='bbox 606 2733 639 2796; x_wconf 92' lang='lat' dir='ltr'>in</span> <span class='ocrx_word' id='word_1_214' title='bbox 661 2734 756 2797; x_wconf 92' lang='lat' dir='ltr'>rebus</span> <span class='ocrx_word' id='word_1_215' title='bbox 790 2733 893 2797; x_wconf 91' lang='lat' dir='ltr'>dubiis</span> <span class='ocrx_word' id='word_1_216' title='bbox 925 2736 1013 2797; x_wconf 87' lang='lat' dir='ltr'>stant</span> <span class='ocrx_word' id='word_1_217' title='bbox 1039 2751 1096 2814; x_wconf 95' lang='lat' dir='ltr'>pro</span> <span class='ocrx_word' id='word_1_218' title='bbox 1119 2731 1327 2814; x_wconf 87' lang='lat' dir='ltr'>possessionis</span> 
     </span>
     <span class='ocr_line' id='line_1_29' title="bbox 166 2817 1328 2902; baseline 0.002 -23"><span class='ocrx_word' id='word_1_219' title='bbox 166 2817 236 2898; x_wconf 91' lang='lat' dir='ltr'>jure</span> <span class='ocrx_word' id='word_1_220' title='bbox 266 2818 434 2895; x_wconf 83' lang='lat' dir='ltr'>seruando,</span> <span class='ocrx_word' id='word_1_221' title='bbox 471 2818 570 2882; x_wconf 92' lang='lat' dir='ltr'>donec</span> <span class='ocrx_word' id='word_1_222' title='bbox 593 2820 719 2882; x_wconf 86' lang='lat' dir='ltr'>evidens</span> <span class='ocrx_word' id='word_1_223' title='bbox 747 2820 876 2883; x_wconf 89' lang='lat' dir='ltr'>dominii</span> <span class='ocrx_word' id='word_1_224' title='bbox 904 2820 1017 2884; x_wconf 91' lang='lat' dir='ltr'>titulus</span> <span class='ocrx_word' id='word_1_225' title='bbox 1046 2821 1106 2901; x_wconf 92' lang='lat' dir='ltr'>ipsi</span> <span class='ocrx_word' id='word_1_226' title='bbox 1132 2818 1328 2902; x_wconf 89' lang='lat' dir='ltr'>possessioni</span> 
     </span>
     <span class='ocr_line' id='line_1_30' title="bbox 168 2902 1324 2987; baseline 0.003 -21"><span class='ocrx_word' id='word_1_227' title='bbox 168 2902 358 2986; x_wconf 82' lang='lat' dir='ltr'>refragetur)</span> <span class='ocrx_word' id='word_1_228' title='bbox 381 2905 570 2969; x_wconf 88' lang='lat' dir='ltr'>sententiam</span> <span class='ocrx_word' id='word_1_229' title='bbox 585 2924 646 2970; x_wconf 93' lang='lat' dir='ltr'>non</span> <span class='ocrx_word' id='word_1_230' title='bbox 669 2906 788 2969; x_wconf 87' lang='lat' dir='ltr'>audens</span> <span class='ocrx_word' id='word_1_231' title='bbox 803 2907 961 2984; x_wconf 85' lang='lat' dir='ltr'>damnare,</span> <span class='ocrx_word' id='word_1_232' title='bbox 986 2925 1043 2987; x_wconf 92' lang='lat' dir='ltr'>pro</span> <span class='ocrx_word' id='word_1_233' title='bbox 1058 2925 1093 2972; x_wconf 91' lang='lat' dir='ltr'>re</span> <span class='ocrx_word' id='word_1_234' title='bbox 1108 2913 1184 2972; x_wconf 91' lang='lat' dir='ltr'>nata</span> <span class='ocrx_word' id='word_1_235' title='bbox 1198 2913 1324 2971; x_wconf 88' lang='lat' dir='ltr'>tantum</span> 
     </span>
     <span class='ocr_line' id='line_1_31' title="bbox 168 2991 1327 3075; baseline 0.003 -22"><span class='ocrx_word' id='word_1_236' title='bbox 168 2991 372 3075; x_wconf 86' lang='lat' dir='ltr'>provisoriam</span> <span class='ocrx_word' id='word_1_237' title='bbox 388 2993 478 3072; x_wconf 91' lang='lat' dir='ltr'>quasi</span> <span class='ocrx_word' id='word_1_238' title='bbox 494 2991 636 3071; x_wconf 80' lang='lat' dir='ltr'>regulam</span> <span class='ocrx_word' id='word_1_239' title='bbox 653 2993 728 3057; x_wconf 91' lang='lat' dir='ltr'>dare</span> <span class='ocrx_word' id='word_1_240' title='bbox 743 2994 852 3072; x_wconf 83' lang='lat' dir='ltr'>voluit,</span> <span class='ocrx_word' id='word_1_241' title='bbox 870 2993 967 3058; x_wconf 90' lang='lat' dir='ltr'>donec</span> <span class='ocrx_word' id='word_1_242' title='bbox 982 3013 1001 3057; x_wconf 89' lang='lat' dir='ltr'>a</span> <span class='ocrx_word' id='word_1_243' title='bbox 1016 2995 1156 3059; x_wconf 87' lang='lat' dir='ltr'>Romano</span> <span class='ocrx_word' id='word_1_244' title='bbox 1172 2992 1327 3058; x_wconf 86' lang='lat' dir='ltr'>Pontifice</span> 
     </span>
     <span class='ocr_line' id='line_1_32' title="bbox 168 3078 765 3162; baseline 0.005 -21"><span class='ocrx_word' id='word_1_245' title='bbox 168 3096 348 3159; x_wconf 89' lang='lat' dir='ltr'>supremum</span> <span class='ocrx_word' id='word_1_246' title='bbox 369 3078 469 3143; x_wconf 87' lang='lat' dir='ltr'>latum</span> <span class='ocrx_word' id='word_1_247' title='bbox 492 3079 586 3144; x_wconf 85' lang='lat' dir='ltr'>luerit</span> <span class='ocrx_word' id='word_1_248' title='bbox 604 3080 765 3162; x_wconf 88' lang='lat' dir='ltr'>judicium.</span> 
     </span>
    </p>

    <p class='ocr_par' dir='ltr' id='par_1_5' title="bbox 165 3164 1330 4383">
     <span class='ocr_line' id='line_1_33' title="bbox 272 3164 1328 3249; baseline 0.004 -22"><span class='ocrx_word' id='word_1_249' title='bbox 272 3164 382 3229; x_wconf 90' lang='lat' dir='ltr'>Posita</span> <span class='ocrx_word' id='word_1_250' title='bbox 405 3185 480 3230; x_wconf 90' lang='lat' dir='ltr'>vera</span> <span class='ocrx_word' id='word_1_251' title='bbox 502 3168 665 3248; x_wconf 88' lang='lat' dir='ltr'>praedicta</span> <span class='ocrx_word' id='word_1_252' title='bbox 688 3169 899 3248; x_wconf 87' lang='lat' dir='ltr'>responsione,</span> <span class='ocrx_word' id='word_1_253' title='bbox 930 3187 1011 3249; x_wconf 92' lang='lat' dir='ltr'>quae</span> <span class='ocrx_word' id='word_1_254' title='bbox 1033 3169 1201 3233; x_wconf 90' lang='lat' dir='ltr'>recentiori</span> <span class='ocrx_word' id='word_1_255' title='bbox 1226 3168 1328 3232; x_wconf 85' lang='lat' dir='ltr'>Theo·</span> 
     </span>
     <span class='ocr_line' id='line_1_34' title="bbox 166 3249 1325 3336; baseline 0.007 -24"><span class='ocrx_word' id='word_1_256' title='bbox 166 3249 309 3332; x_wconf 81' lang='lat' dir='ltr'>logorum</span> <span class='ocrx_word' id='word_1_257' title='bbox 322 3253 459 3331; x_wconf 90' lang='lat' dir='ltr'>opinioni</span> <span class='ocrx_word' id='word_1_258' title='bbox 474 3253 600 3318; x_wconf 85' lang='lat' dir='ltr'>videtur</span> <span class='ocrx_word' id='word_1_259' title='bbox 614 3255 728 3330; x_wconf 79' lang='lat' dir='ltr'>favere,</span> <span class='ocrx_word' id='word_1_260' title='bbox 746 3273 808 3320; x_wconf 93' lang='lat' dir='ltr'>non</span> <span class='ocrx_word' id='word_1_261' title='bbox 823 3257 916 3336; x_wconf 89' lang='lat' dir='ltr'>pauci</span> <span class='ocrx_word' id='word_1_262' title='bbox 931 3256 1011 3334; x_wconf 89' lang='lat' dir='ltr'>inde,</span> <span class='ocrx_word' id='word_1_263' title='bbox 1036 3257 1101 3320; x_wconf 90' lang='lat' dir='ltr'>sive</span> <span class='ocrx_word' id='word_1_264' title='bbox 1117 3274 1176 3320; x_wconf 90' lang='lat' dir='ltr'>sua</span> <span class='ocrx_word' id='word_1_265' title='bbox 1192 3256 1325 3336; x_wconf 83' lang='lat' dir='ltr'>malitia,</span> 
     </span>
     <span class='ocr_line' id='line_1_35' title="bbox 167 3337 1330 3423; baseline 0.006 -23"><span class='ocrx_word' id='word_1_266' title='bbox 167 3339 232 3401; x_wconf 88' lang='lat' dir='ltr'>sive</span> <span class='ocrx_word' id='word_1_267' title='bbox 255 3337 403 3418; x_wconf 89' lang='lat' dir='ltr'>culpabili</span> <span class='ocrx_word' id='word_1_268' title='bbox 424 3341 715 3420; x_wconf 86' lang='lat' dir='ltr'>inconsideratione,</span> <span class='ocrx_word' id='word_1_269' title='bbox 740 3350 796 3406; x_wconf 90' lang='lat' dir='ltr'>aut</span> <span class='ocrx_word' id='word_1_270' title='bbox 819 3341 1010 3423; x_wconf 75' lang='lat' dir='ltr'>infirmitate,</span> <span class='ocrx_word' id='word_1_271' title='bbox 1035 3345 1234 3409; x_wconf 91' lang='lat' dir='ltr'>occasionem</span> <span class='ocrx_word' id='word_1_272' title='bbox 1250 3345 1330 3407; x_wconf 87' lang='lat' dir='ltr'>arri·</span> 
     </span>
     <span class='ocr_line' id='line_1_36' title="bbox 166 3427 1329 3511; baseline 0.005 -22"><span class='ocrx_word' id='word_1_273' title='bbox 166 3427 257 3507; x_wconf 92' lang='lat' dir='ltr'>piunt</span> <span class='ocrx_word' id='word_1_274' title='bbox 279 3432 337 3490; x_wconf 91' lang='lat' dir='ltr'>aut</span> <span class='ocrx_word' id='word_1_275' title='bbox 359 3428 518 3507; x_wconf 90' lang='lat' dir='ltr'>peccandi,</span> <span class='ocrx_word' id='word_1_276' title='bbox 548 3434 604 3493; x_wconf 88' lang='lat' dir='ltr'>aut</span> <span class='ocrx_word' id='word_1_277' title='bbox 625 3430 657 3493; x_wconf 94' lang='lat' dir='ltr'>in</span> <span class='ocrx_word' id='word_1_278' title='bbox 688 3447 745 3494; x_wconf 90' lang='lat' dir='ltr'>suo</span> <span class='ocrx_word' id='word_1_279' title='bbox 768 3436 898 3510; x_wconf 87' lang='lat' dir='ltr'>peccato</span> <span class='ocrx_word' id='word_1_280' title='bbox 921 3432 1136 3511; x_wconf 89' lang='lat' dir='ltr'>permanendi.</span> <span class='ocrx_word' id='word_1_281' title='bbox 1181 3430 1329 3496; x_wconf 85' lang='lat' dir='ltr'>Praeter·</span> 
     </span>
     <span class='ocr_line' id='line_1_37' title="bbox 168 3513 1326 3598; baseline 0.006 -23"><span class='ocrx_word' id='word_1_282' title='bbox 168 3513 263 3577; x_wconf 91' lang='lat' dir='ltr'>misso</span> <span class='ocrx_word' id='word_1_283' title='bbox 287 3515 369 3577; x_wconf 88' lang='lat' dir='ltr'>enim</span> <span class='ocrx_word' id='word_1_284' title='bbox 401 3515 486 3594; x_wconf 92' lang='lat' dir='ltr'>quod</span> <span class='ocrx_word' id='word_1_285' title='bbox 519 3515 616 3596; x_wconf 89' lang='lat' dir='ltr'>aliqui</span> <span class='ocrx_word' id='word_1_286' title='bbox 639 3515 784 3598; x_wconf 89' lang='lat' dir='ltr'>judicant</span> <span class='ocrx_word' id='word_1_287' title='bbox 806 3520 981 3598; x_wconf 83' lang='lat' dir='ltr'>generatim</span> <span class='ocrx_word' id='word_1_288' title='bbox 1010 3518 1184 3598; x_wconf 89' lang='lat' dir='ltr'>quamlibet</span> <span class='ocrx_word' id='word_1_289' title='bbox 1208 3537 1326 3584; x_wconf 91' lang='lat' dir='ltr'>usurae</span> 
     </span>
     <span class='ocr_line' id='line_1_38' title="bbox 167 3601 1326 3688; baseline 0.007 -26"><span class='ocrx_word' id='word_1_290' title='bbox 167 3601 375 3679; x_wconf 89' lang='lat' dir='ltr'>quantitatem</span> <span class='ocrx_word' id='word_1_291' title='bbox 410 3619 429 3664; x_wconf 92' lang='lat' dir='ltr'>a</span> <span class='ocrx_word' id='word_1_292' title='bbox 464 3601 558 3667; x_wconf 88' lang='lat' dir='ltr'>Sacra</span> <span class='ocrx_word' id='word_1_293' title='bbox 590 3603 836 3668; x_wconf 85' lang='lat' dir='ltr'>Paenitentiaria</span> <span class='ocrx_word' id='word_1_294' title='bbox 869 3604 999 3669; x_wconf 87' lang='lat' dir='ltr'>tolerari</span> <span class='ocrx_word' id='word_1_295' title='bbox 1034 3605 1142 3688; x_wconf 82' lang='lat' dir='ltr'>(prout</span> <span class='ocrx_word' id='word_1_296' title='bbox 1181 3607 1326 3670; x_wconf 91' lang='lat' dir='ltr'>notorius</span> 
     </span>
     <span class='ocr_line' id='line_1_39' title="bbox 166 3686 1327 3772; baseline 0.007 -23"><span class='ocrx_word' id='word_1_297' title='bbox 166 3686 294 3766; x_wconf 91' lang='lat' dir='ltr'>quidam</span> <span class='ocrx_word' id='word_1_298' title='bbox 316 3687 503 3768; x_wconf 88' lang='lat' dir='ltr'>Usurarius‚</span> <span class='ocrx_word' id='word_1_299' title='bbox 539 3691 678 3770; x_wconf 92' lang='lat' dir='ltr'>quinon</span> <span class='ocrx_word' id='word_1_300' title='bbox 705 3693 880 3756; x_wconf 91' lang='lat' dir='ltr'>auctarium</span> <span class='ocrx_word' id='word_1_301' title='bbox 910 3698 1071 3758; x_wconf 90' lang='lat' dir='ltr'>scutorum</span> <span class='ocrx_word' id='word_1_302' title='bbox 1094 3698 1233 3772; x_wconf 92' lang='lat' dir='ltr'>quatuor</span> <span class='ocrx_word' id='word_1_303' title='bbox 1255 3698 1327 3757; x_wconf 88' lang='lat' dir='ltr'>tan·</span> 
     </span>
     <span class='ocr_line' id='line_1_40' title="bbox 165 3775 1327 3859; baseline 0.008 -23"><span class='ocrx_word' id='word_1_304' title='bbox 165 3781 242 3846; x_wconf 85' lang='lat' dir='ltr'>tum,</span> <span class='ocrx_word' id='word_1_305' title='bbox 262 3775 354 3855; x_wconf 87' lang='lat' dir='ltr'>juxta</span> <span class='ocrx_word' id='word_1_306' title='bbox 375 3775 469 3855; x_wconf 82' lang='lat' dir='ltr'>Legis</span> <span class='ocrx_word' id='word_1_307' title='bbox 492 3783 607 3856; x_wconf 83' lang='lat' dir='ltr'>taram,</span> <span class='ocrx_word' id='word_1_308' title='bbox 639 3778 694 3841; x_wconf 91' lang='lat' dir='ltr'>sed</span> <span class='ocrx_word' id='word_1_309' title='bbox 717 3778 801 3843; x_wconf 92' lang='lat' dir='ltr'>ultra</span> <span class='ocrx_word' id='word_1_310' title='bbox 824 3779 941 3857; x_wconf 88' lang='lat' dir='ltr'>decem,</span> <span class='ocrx_word' id='word_1_311' title='bbox 966 3797 1023 3859; x_wconf 92' lang='lat' dir='ltr'>pro</span> <span class='ocrx_word' id='word_1_312' title='bbox 1047 3780 1238 3859; x_wconf 85' lang='lat' dir='ltr'>centenario,</span> <span class='ocrx_word' id='word_1_313' title='bbox 1263 3781 1327 3845; x_wconf 85' lang='lat' dir='ltr'>exi·</span> 
     </span>
     <span class='ocr_line' id='line_1_41' title="bbox 166 3861 1327 3948; baseline 0.005 -23"><span class='ocrx_word' id='word_1_314' title='bbox 166 3861 270 3943; x_wconf 80' lang='lat' dir='ltr'>gebat,</span> <span class='ocrx_word' id='word_1_315' title='bbox 288 3863 405 3927; x_wconf 89' lang='lat' dir='ltr'>oratori</span> <span class='ocrx_word' id='word_1_316' title='bbox 421 3863 586 3945; x_wconf 87' lang='lat' dir='ltr'>Episcopo,</span> <span class='ocrx_word' id='word_1_317' title='bbox 603 3865 731 3929; x_wconf 90' lang='lat' dir='ltr'>eumad</span> <span class='ocrx_word' id='word_1_318' title='bbox 747 3867 969 3947; x_wconf 87' lang='lat' dir='ltr'>poenitentiam</span> <span class='ocrx_word' id='word_1_319' title='bbox 985 3866 1134 3944; x_wconf 85' lang='lat' dir='ltr'>hortanti,</span> <span class='ocrx_word' id='word_1_320' title='bbox 1151 3868 1327 3948; x_wconf 85' lang='lat' dir='ltr'>respondit,</span> 
     </span>
     <span class='ocr_line' id='line_1_42' title="bbox 166 3947 1328 4033; baseline 0.007 -21"><span class='ocrx_word' id='word_1_321' title='bbox 166 3947 327 4014; x_wconf 87' lang='lat' dir='ltr'>Summum</span> <span class='ocrx_word' id='word_1_322' title='bbox 362 3948 544 4015; x_wconf 90' lang='lat' dir='ltr'>Pontificem</span> <span class='ocrx_word' id='word_1_323' title='bbox 576 3953 643 4033; x_wconf 90' lang='lat' dir='ltr'>jam</span> <span class='ocrx_word' id='word_1_324' title='bbox 677 3950 874 4032; x_wconf 89' lang='lat' dir='ltr'>prohibuisse</span> <span class='ocrx_word' id='word_1_325' title='bbox 904 3952 963 4016; x_wconf 91' lang='lat' dir='ltr'>hac</span> <span class='ocrx_word' id='word_1_326' title='bbox 994 3954 1032 4016; x_wconf 90' lang='lat' dir='ltr'>de</span> <span class='ocrx_word' id='word_1_327' title='bbox 1061 3972 1096 4017; x_wconf 93' lang='lat' dir='ltr'>re</span> <span class='ocrx_word' id='word_1_328' title='bbox 1120 3953 1328 4020; x_wconf 90' lang='lat' dir='ltr'>Poenitentes</span> 
     </span>
     <span class='ocr_line' id='line_1_43' title="bbox 166 4034 1326 4121; baseline 0.009 -25"><span class='ocrx_word' id='word_1_329' title='bbox 166 4034 362 4114; x_wconf 88' lang='lat' dir='ltr'>inquietari):</span> <span class='ocrx_word' id='word_1_330' title='bbox 397 4039 571 4118; x_wconf 83' lang='lat' dir='ltr'>generatim</span> <span class='ocrx_word' id='word_1_331' title='bbox 601 4040 654 4119; x_wconf 86' lang='lat' dir='ltr'>qui</span> <span class='ocrx_word' id='word_1_332' title='bbox 684 4038 713 4105; x_wconf 87' lang='lat' dir='ltr'>S.</span> <span class='ocrx_word' id='word_1_333' title='bbox 746 4038 1009 4104; x_wconf 83' lang='lat' dir='ltr'>Paenitentiariae</span> <span class='ocrx_word' id='word_1_334' title='bbox 1038 4042 1246 4121; x_wconf 90' lang='lat' dir='ltr'>provisoriam</span> <span class='ocrx_word' id='word_1_335' title='bbox 1275 4062 1326 4107; x_wconf 92' lang='lat' dir='ltr'>re-</span> 
     </span>
     <span class='ocr_line' id='line_1_44' title="bbox 166 4119 1327 4206; baseline 0.009 -23"><span class='ocrx_word' id='word_1_336' title='bbox 166 4119 271 4199; x_wconf 82' lang='lat' dir='ltr'>gulam</span> <span class='ocrx_word' id='word_1_337' title='bbox 300 4128 388 4187; x_wconf 90' lang='lat' dir='ltr'>recte</span> <span class='ocrx_word' id='word_1_338' title='bbox 415 4124 608 4206; x_wconf 81' lang='lat' dir='ltr'>intelligunt,</span> <span class='ocrx_word' id='word_1_339' title='bbox 643 4126 719 4191; x_wconf 90' lang='lat' dir='ltr'>licet</span> <span class='ocrx_word' id='word_1_340' title='bbox 747 4143 850 4190; x_wconf 85' lang='lat' dir='ltr'>coram</span> <span class='ocrx_word' id='word_1_341' title='bbox 874 4123 1080 4192; x_wconf 86' lang='lat' dir='ltr'>Confessariis</span> <span class='ocrx_word' id='word_1_342' title='bbox 1108 4127 1267 4194; x_wconf 84' lang='lat' dir='ltr'>affirment</span> <span class='ocrx_word' id='word_1_343' title='bbox 1291 4148 1327 4194; x_wconf 92' lang='lat' dir='ltr'>se</span> 
     </span>
     <span class='ocr_line' id='line_1_45' title="bbox 166 4211 1327 4296; baseline 0.012 -28"><span class='ocrx_word' id='word_1_344' title='bbox 166 4215 294 4286; x_wconf 87' lang='lat' dir='ltr'>paratos</span> <span class='ocrx_word' id='word_1_345' title='bbox 315 4211 357 4273; x_wconf 92' lang='lat' dir='ltr'>ad</span> <span class='ocrx_word' id='word_1_346' title='bbox 379 4213 624 4293; x_wconf 89' lang='lat' dir='ltr'>restitutionem,</span> <span class='ocrx_word' id='word_1_347' title='bbox 655 4231 725 4277; x_wconf 92' lang='lat' dir='ltr'>cum</span> <span class='ocrx_word' id='word_1_348' title='bbox 747 4213 807 4278; x_wconf 93' lang='lat' dir='ltr'>hoc</span> <span class='ocrx_word' id='word_1_349' title='bbox 835 4215 876 4278; x_wconf 91' lang='lat' dir='ltr'>ab</span> <span class='ocrx_word' id='word_1_350' title='bbox 898 4215 1079 4296; x_wconf 82' lang='lat' dir='ltr'>Apostolica</span> <span class='ocrx_word' id='word_1_351' title='bbox 1106 4215 1187 4281; x_wconf 87' lang='lat' dir='ltr'>Sede</span> <span class='ocrx_word' id='word_1_352' title='bbox 1219 4217 1327 4282; x_wconf 91' lang='lat' dir='ltr'>decer·</span> 
     </span>
     <span class='ocr_line' id='line_1_46' title="bbox 165 4293 1328 4383; baseline 0.012 -27"><span class='ocrx_word' id='word_1_353' title='bbox 165 4298 275 4358; x_wconf 91' lang='lat' dir='ltr'>natur:</span> <span class='ocrx_word' id='word_1_354' title='bbox 310 4293 391 4358; x_wconf 83' lang='lat' dir='ltr'>lacto</span> <span class='ocrx_word' id='word_1_355' title='bbox 422 4303 529 4361; x_wconf 86' lang='lat' dir='ltr'>tamen</span> <span class='ocrx_word' id='word_1_356' title='bbox 556 4304 624 4362; x_wconf 90' lang='lat' dir='ltr'>tum</span> <span class='ocrx_word' id='word_1_357' title='bbox 648 4302 722 4380; x_wconf 82' lang='lat' dir='ltr'>ipsi,</span> <span class='ocrx_word' id='word_1_358' title='bbox 754 4305 821 4363; x_wconf 93' lang='lat' dir='ltr'>tum</span> <span class='ocrx_word' id='word_1_359' title='bbox 850 4319 958 4365; x_wconf 89' lang='lat' dir='ltr'>eorum</span> <span class='ocrx_word' id='word_1_360' title='bbox 990 4302 1156 4383; x_wconf 80' lang='lat' dir='ltr'>haeredes,</span> <span class='ocrx_word' id='word_1_361' title='bbox 1190 4302 1328 4370; x_wconf 90' lang='lat' dir='ltr'>decursu</span> 
     </span>
    </p>
   </div>
   <div class='ocr_carea' id='block_1_3' title="bbox 0 0 1478 4942">
    <p class='ocr_par' dir='ltr' id='par_1_6' title="bbox 0 0 1478 4942">
     <span class='ocr_line' id='line_1_47' title="bbox 0 0 1478 4942; baseline 0 0"><span class='ocrx_word' id='word_1_362' title='bbox 0 0 1478 4942; x_wconf 95' lang='lat' dir='ltr'> </span> 
     </span>
    </p>
   </div>
  </div>
 </body>
</html>
