2946 4942
196 320 260 383 156
690 330 859 383 maronam

300 471 375 553 Nec,
398 471 493 537 etiam
508 477 582 553 post
602 473 706 554 ipsam
721 473 894 538 secundam
909 472 1102 554 instantiam,
1117 473 1223 538 locum
1238 471 1357 537 habero

193 561 228 625 in
251 560 355 624 causis
377 558 557 640 levioribus,
581 560 638 625 sed
659 564 784 625 tantum
807 562 839 625 in
854 561 1050 642 gravioribus
1074 565 1107 626 et
1128 559 1313 642 maioribus,
1336 574 1357 622 a

187 647 264 730 jure
287 645 542 712 determinandis.
558 650 581 724 ¹)
1122 651 1124 655 '

194 837 247 904 De
269 838 375 902 titolis
398 838 506 902 cariae
528 837 694 903 Romanae
723 838 907 918 honorificis
928 858 993 903 aaa
1025 837 1225 918 conferendis
1247 855 1354 903 sacar·

281 941 407 1006 dotibus
430 947 524 1006 cotra
545 941 681 1007 Romam
704 941 889 1022 deponamus
911 942 1101 1007 inconsultis
1123 943 1269 1023 ipsoram
1306 957 1314 965 ·

676 1045 874 1113 Ordiaam‘a'a

300 1184 397 1249 Tituli
419 1182 584 1249 honorifici
619 1189 652 1248 et
681 1183 843 1266 privilegia
866 1183 1132 1266 Camerariorum,
1164 1183 1354 1249 Protonota·

191 1271 327 1352 riorum,
358 1272 632 1337 Missionariorum
654 1271 913 1353 apostolicorum,
944 1291 1007 1338 non
1030 1272 1246 1338 concedantur
1267 1287 1355 1352 pres·

192 1358 312 1442 byteris
336 1362 426 1423 extra
440 1358 573 1422 Romam
589 1359 864 1438 commorantibus,
888 1360 964 1440 quin
978 1361 1065 1440 prius
1082 1358 1220 1425 consulti
1235 1357 1354 1424 fuerint

192 1445 343 1528 Episcopi
365 1462 497 1524 quorum
510 1445 592 1526 juris
615 1450 703 1528 sunt3
727 1463 767 1509 ne
784 1447 957 1527 periculum
979 1448 1161 1512 incurratur
1175 1440 1354 1528 hujusmodl

192 1532 326 1597 honores
350 1536 383 1595 et
413 1531 537 1596 favores
561 1532 713 1613 indignis,
745 1551 802 1612 per
830 1535 1056 1615 ignorantiam,
1087 1532 1287 1614 conferendi,
1322 1536 1355 1597 et

189 1620 370 1684 molestiam
386 1619 462 1701 ipsis
478 1619 644 1700 Episcopis
661 1620 798 1699 creandi,
822 1621 895 1684 dum
911 1621 1093 1686 sacerdotes
1109 1621 1222 1686 dubiae
1237 1617 1354 1699 famae,

190 1707 254 1772 imo
277 1725 355 1788 quos
379 1706 547 1787 aliquando
571 1705 731 1771 Ordinarii
758 1709 868 1788 poenis
890 1708 1029 1789 plectere
1051 1707 1226 1788 debuerint,
1250 1725 1270 1772 a
1291 1702 1354 1773 Ro·

192 1812 286 1859 mano
308 1792 460 1858 Pontifice
483 1791 684 1857 honorificari
707 1794 907 1859 videbuntur.

297 1883 379 1946 Item
407 1880 511 1944 nullus
546 1879 721 1960 Episcopus
755 1883 943 1947 canonicatu
972 1883 1013 1947 ad
1045 1882 1195 1946 honorem
1231 1880 1354 1946 alienae

191 1968 342 2121 {dioecesis
373 1969 595 2049 presbyterum
627 1971 733 2046 omet,
770 1969 832 2033 nisi
854 1970 942 2050 prius
977 1968 1119 2034 consulto
1148 1968 1243 2049 hujus
1266 1984 1354 2051 pres·

212 2057 294 2138 yteri
316 2054 496 2120 Ordinario.

190 2296 243 2364 De
259 2297 341 2361 olris
363 2297 399 2360 im
414 2317 478 2361 soc.
497 2295 724 2362 Cardioaliam
747 2297 887 2381 callepio,
903 2299 1107 2381 romanisque
1124 2297 1353 2381 Oooprcpato‘o·

471 2402 566 2466 aibas
589 2407 619 2466 et
641 2403 855 2467 tribunalibus
877 2402 1075 2467 adhibendis.

295 2543 332 2606 In
355 2558 444 2605 sacro
475 2539 690 2605 Cardinalium
725 2541 878 2622 Collegio‚
911 2559 1055 2606 necnon
1082 2540 1115 2604 in
1144 2538 1176 2603 S.
1199 2539 1352 2606 Romanis

187 2626 497 2710 Congregationibus
528 2633 560 2692 et
582 2627 806 2707 tribunalibus,
842 2629 964 2692 utinam
995 2645 1119 2708 semper
1141 2628 1352 2708 sociarentur,

191 2733 263 2780 cum
297 2715 486 2781 doctissimis
520 2715 609 2794 viris,
645 2715 736 2780 multi
766 2716 863 2781 etiam
892 2715 1034 2780 homines
1062 2714 1209 2796 practici,
1241 2732 1281 2779 ex
1303 2714 1355 2781 his

190 2801 311 2866 seilicet
334 2803 388 2882 qui
410 2801 443 2865 in
466 2802 614 2880 gerendis
636 2803 768 2867 diversis
783 2804 964 2867 muneribus
988 2801 1208 2867 ecclesiasticis
1231 2802 1353 2868 versati

188 2887 308 2954 fuerint
331 2893 364 2952 et
385 2905 512 2952 manum
536 2888 590 2952 diu
612 2888 794 2966 habuerint3
826 2889 935 2970 quales
958 2893 1032 2954 sunt
1055 2889 1223 2971 Episcopi¹
1242 2907 1352 2955 eorum

189 2975 309 3040 Vicarii
331 2974 495 3056 generales
519 2980 551 3039 ct
574 2973 741 3055 Officiales,
773 2976 921 3055 Parochi,
952 2976 1106 3041 Rectores
1130 2976 1280 3040 domuum
1303 2995 1353 3042 ro-

189 3062 386 3145 ligiosarum,
419 3061 608 3127 Missionarii
643 3063 675 3127 in
710 3063 892 3146 regionibus
926 3062 1107 3142 infidelium,
1142 3069 1201 3129 eto.
1255 3063 1353 3128 Haud

189 3151 271 3216 enim
301 3150 425 3214 videtur
459 3168 521 3231 quo
551 3149 673 3215 meliori
703 3155 735 3215 et
763 3149 934 3217 efficaciori
961 3151 1053 3216 modo
1088 3151 1128 3215 ad
1162 3149 1354 3231 prudentem

183 3240 353 3317 ‘tutamque
374 3237 599 3303 tractationem
629 3242 662 3302 et
685 3237 874 3303 decisionem
902 3242 951 3302 tot
972 3237 1170 3319 negotiorum
1193 3242 1226 3301 et
1248 3236 1353 3303 litium

189 3322 486 3402 ecclesiasticarum,
522 3342 603 3404 quae
626 3324 759 3390 Romam
780 3325 989 3406 undequaque
1011 3322 1157 3403 affluunt,
1191 3324 1354 3405 perveniri

187 3410 304 3492 possit,
337 3410 398 3475 nisi
425 3410 540 3490 Junctis
573 3411 667 3475 simul
700 3413 733 3475 in
756 3412 867 3477 iisdem
900 3411 1036 3477 conciliis
1067 3411 1213 3476 doctrina
1242 3417 1276 3477 et
1300 3431 1353 3477 cx-

187 3498 356 3580 pcrientia,
389 3516 522 3579 quarum
544 3516 608 3563 una
630 3500 786 3581 principia
807 3500 968 3581 proponit,
1001 3498 1104 3564 altera
1126 3499 1352 3580 principiorum

182 3603 230 3667 ap
251 3585 441 3666 licationem,
473 3585 567 3650 salvis
589 3586 668 3666 ipsis
690 3587 862 3670 principiis,
893 3604 1001 3651 rerum
1024 3584 1190 3668 exigentiis
1214 3593 1247 3652 et
1270 3583 1351 3652 diffi-

188 3691 206 3738 c
241 3671 361 3737 tatibus
383 3677 596 3754 attemperare
620 3678 653 3739 et
675 3674 841 3740 conciliare
863 3674 960 3740 novit.

188 3814 398 3824 w—

296 3896 317 3965 1)
336 3873 376 3954 Oi.
396 3896 537 3951 Postulata
557 3896 584 3954 S.
604 3897 707 3953 Concil.
726 3897 801 3956 Trid.
820 3898 978 3967 proposita:

293 3967 686 4093 dissimillimi
696 3968 1040 4094 tutissimus
1060 3966 1351 4092 cottistis

187 4050 434 4174 ggdgnrlipostolica
447 4077 471 4160 ’si
481 4111 580 4175 agatur
592 4122 674 4175 super
687 4107 820 4165 beneficio
832 4054 1001 4164 ascerfdente
1013 4077 1180 4163 advolarem
1192 4107 1347 4176 maguum!

188 4173 334 4244 (Postulat.
352 4176 449 4232 Barth.
467 4192 484 4231 a
503 4177 632 4247 Martyr.)

292 4247 352 4313 »Ap
372 4245 515 4301 allationes
545 4247 680 4314 gradatim
711 4247 800 4303 factae
830 4246 975 4303 dumtaxat
1008 4244 1117 4302 admitti
1146 4244 1268 4316 possint,
1299 4259 1348 4303 nec

178 4312 287 4369 omisso
305 4329 348 4369 me
369 4314 419 4372 'of‘
455 4315 570 4382 (Postul.
590 4317 675 4385 Regis
693 4316 832 4386 Lusitan.)
