2946 4942
511 311 552 365 nn
574 309 717 368 tamasis
741 311 868 370 tauram.
1227 309 1271 370 te

106 461 140 523 in
174 470 214 524 aa
247 457 474 526 confirmentur
507 464 540 524 et
562 467 718 525 arescant.
774 459 881 537 Quare
903 459 1011 526 Nostri
1040 463 1178 526 muneris
1200 474 1272 527 esse

107 547 267 626 (laurona,
301 547 426 628 potiora
449 547 554 630 capita
575 558 670 614 verta
694 551 727 612 et
750 547 926 613 catholicae
947 548 1121 628 doctmnaa,
1146 549 1187 615 cle
1209 549 1271 616 Ee·

106 634 223 700 clasiae
245 639 375 714 natura,
410 633 676 716 proprietatibus,
707 652 745 699 ac
767 640 928 716 potestate
952 648 1106 717 exponere
1128 641 1162 701 et
1184 650 1273 719 gras·

49 769 53 772 «
106 727 217 788 sanias
232 722 394 804 oppositos
411 738 535 786 errores
551 722 701 802 subjectis
714 720 877 788 Oanonum
895 723 1037 788 articulis
1050 724 1270 791 condemnare.

296 1010 299 1015 Ι
597 912 733 980 CAPUT
756 914 780 981 Ι.

312 1033 491 1101 Ecclesiam
513 1056 579 1102 esse
604 1056 721 1116 corpus
747 1034 869 1102 aarum
890 1037 1065 1120 mysticum.

212 1175 402 1258 Unigenitus
437 1175 497 1240 Dei
527 1174 644 1254 Filius,
684 1178 737 1256 qui
769 1176 926 1241 illuminat
961 1190 1083 1242 omnem
1111 1177 1270 1244 hominem

104 1264 285 1328 venientem
319 1265 353 1327 in
375 1262 458 1329 hunc
480 1263 649 1340 mundum,
674 1265 789 1344 quique
812 1264 899 1328 nulla
921 1283 1060 1345 unquam
1083 1271 1188 1330 aetate
1212 1269 1269 1329 mi·

45 1368 48 1372 ·
105 1351 185 1415 seris
209 1351 297 1416 Adae
320 1349 392 1415 iiliis
416 1369 473 1432 ape
497 1369 553 1414 sua
577 1349 685 1429 defuit,
702 1352 734 1414 in
749 1368 786 1415 ea
802 1352 997 1432 plenitudine
1012 1354 1172 1434 temporis,
1188 1370 1269 1433 quae

104 1439 298 1520 sempiterno
321 1438 453 1503 consilio
476 1437 580 1502 iuerat
615 1439 820 1518 praestituta,
838 1438 865 1522 ¹)
899 1440 1191 1504 imsimilitudinem
1214 1439 1269 1506 ho-

105 1526 227 1590 minum
261 1525 364 1592 factus
381 1527 406 1607 2)
430 1525 562 1591 visibilis
585 1528 733 1607 apparuit
762 1529 793 1591 in
818 1534 980 1608 assumpta
1004 1528 1106 1592 nostri
1129 1529 1269 1608 corporis

101 1611 221 1693 forma,
257 1622 293 1679 ut
323 1615 441 1678 terreni
475 1613 617 1678 homines
650 1620 746 1694 atqua
782 1613 927 1680 carnales
962 1634 1076 1679 novum
1109 1614 1268 1680 hominem
1327 1610 1330 1617 '

101 1701 281 1782 induentes,
304 1703 358 1782 qui
381 1703 552 1766 secundum
576 1702 677 1765 Deum
702 1707 829 1767 creatus
853 1707 903 1766 est
925 1702 958 1767 iri
978 1703 1105 1784 justitia
1128 1707 1161 1766 et
1177 1720 1268 1768 sanc-

100 1789 196 1854 litate
236 1790 401 1867 veritatis,
419 1789 446 1873 ⁸)
491 1806 603 1870 corpus
638 1788 840 1853 eilonnarent
870 1789 1051 1872 mysticum,
1087 1789 1177 1870 cnjus
1199 1789 1268 1871 ipse

102 1877 270 1942 exsisteret
304 1881 408 1958 caput.
471 1877 520 1940 Ad
554 1875 637 1940 hanc
669 1894 745 1941 vero
788 1878 911 1959 mystici
946 1876 1086 1958 corporis
1121 1877 1268 1943 unionem

102 1961 312 2045 efficiendam,
337 1962 482 2029 Christus
505 1963 660 2028 Dominus
683 1982 809 2029 sacrum
832 1965 1085 2046 regenerationis
1114 1970 1148 2030 et
1176 1974 1268 2030 rene·

100 2052 239 2117 vatianis
274 2053 411 2116 institnit
448 2051 624 2131 lavacrum,
655 2070 716 2132 quo
750 2050 806 2116 iiiii
833 2049 994 2116 huminum
1017 2055 1065 2116 tot
1087 2051 1266 2116 nominibus

98 2140 186 2204 inter
209 2159 243 2205 se
267 2140 367 2216 divisi,
391 2140 526 2204 maxime
548 2150 622 2204 vero
646 2141 784 2221 peccatis
809 2138 930 2221 dilapsi,
949 2139 989 2204 ab
1007 2139 1267 2221 amniculparum

100 2226 196 2292 sortia
229 2225 373 2292 mundati
408 2226 552 2292 mambra
584 2233 690 2292 essent
722 2227 763 2291 ad
791 2228 942 2306 invicem,
958 2224 986 2310 4)
1019 2236 1138 2307 suoque
1162 2227 1267 2292 divino

100 2315 201 2396 capiti
224 2312 296 2394 lide,
320 2330 386 2398 spe,
411 2319 445 2380 et
469 2313 623 2379 charitate
647 2315 814 2396 conjuncti,
838 2333 901 2378 uno
924 2313 992 2395 eJ'ua
1014 2312 1136 2395 Spiritu
1157 2326 1268 2380 ornnes

99 2399 357 2482 vivificarentur,
395 2421 433 2467 ac
467 2401 650 2468 coelestium
682 2403 858 2483 gratiarum
880 2406 913 2466 et
934 2401 1161 2466 charismatum
1181 2401 1268 2466 daha

100 2490 263 2555 cumulate
285 2489 470 2572 reciperent.
495 2490 599 2570 Atque
621 2489 700 2554 haec
716 2496 776 2569 est,
792 2507 882 2571 quae,
899 2492 935 2552 ut
953 2487 1092 2553 fidelium
1107 2489 1266 2554 mentibus

98 2578 271 2660 objiciatur
302 2578 427 2658 alteque
461 2575 562 2641 defixa
585 2576 732 2656 haereat,
764 2577 843 2641 satis
866 2588 1028 2656 nunquam
1051 2576 1266 2642 commendari

99 2670 218 2748 potest,
240 2664 433 2747 praecellens
456 2664 618 2729 Ecclesiae
642 2665 773 2748 species,
792 2663 881 2744 cujus
898 2669 994 2744 eaput
1009 2668 1059 2728 est
1074 2661 1265 2748 chrismat)

99 2771 137 2816 ex
172 2770 235 2833 quo
267 2757 370 2819 totum
404 2768 519 2834 corpas
542 2756 759 2834 compactum,
792 2756 827 2816 et
855 2764 1028 2816 connexum
1058 2759 1266 2833 peromnem

95 2842 282 2923 jnnoturam
297 2839 606 2920 subministrationis,
623 2838 796 2905 secundum
809 2839 1024 2920 operationem
1039 2838 1265 2903 inmensorum

97 2928 344 3011 uniuscnjusque
367 2927 507 3004 membri,
531 2931 738 3009 augmentum
761 2925 902 3008 corporis
925 2924 1002 2991 iacit
1025 2926 1056 2989 in
1073 2925 1265 2992 aedificatio-

98 3031 172 3080 nem
194 3017 245 3080 sui
267 3016 300 3079 in
323 3014 521 3098 charitates)

584 3186 720 3254 CAPUT
742 3187 782 3254 11.

100 3300 325 3393 Christianam
357 3311 545 3395 acliqc‘oacnt
572 3311 704 3375 nonnisi
726 3311 762 3375 c'a
784 3300 931 3375 Ecclesia
953 3316 983 3374 et
998 3331 1063 3392 per
1083 3306 1263 3376 mamam

373 3418 394 3461 a
419 3396 547 3463 Christo
566 3392 740 3478 fundatam
762 3395 864 3463 accoli
881 3417 986 3479 posse.

134 3609 151 3624 ,t
205 3536 295 3619 Hauc
311 3538 494 3618 Ecclesiam,
510 3545 608 3618 qnam
623 3537 789 3618 acquisivit
805 3538 961 3620 sanguine
976 3548 1042 3616 sao,
1052 3541 1087 3601 et
1101 3540 1263 3618 tamquam

95 3637 247 3706 sponsam
269 3627 362 3691 unice
386 3624 520 3691 electam
543 3623 584 3689 ab
607 3628 738 3709 aeterno
761 3624 878 3703 dilexit,
903 3630 1014 3690 auctor
1036 3622 1111 3690 fidei
1133 3627 1167 3688 ei
1188 3631 1263 3689 coit*

96 3717 275 3778 saminator
297 3713 391 3779 lesus
413 3714 483 3796 ipss
503 3711 647 3777 fundavit
670 3717 767 3794 atque
789 3712 939 3791 instituit,
964 3716 997 3776 et
1019 3729 1077 3794 per
1092 3711 1262 3793 Apostolos

94 3815 172 3864 suos
200 3818 371 3883 eorumque
400 3817 600 3866 successores
626 3799 746 3881 jugiter
772 3816 873 3881 usque
896 3799 938 3863 ad
961 3799 1263 3864 consummationem

10 4015 16 4028 ’
111 4071 114 4077 ·
208 4063 228 4126 ¹l
246 4057 273 4114 a
290 4059 416 4115 ammos.
433 4059 470 4116 a
488 4058 533 4115 aa
551 4059 587 4114 aa
605 4059 630 4113 o.
649 4059 766 4115 mean.
785 4059 909 4129 prosopa
928 4075 972 4128 sp.
992 4058 1049 4113 uer
1067 4057 1126 4112 ru.
1145 4057 1261 4126 Scripta

93 4136 162 4187 m
180 4129 245 4204 m
274 4129 489 4323 prici’lghillfp}
509 4189 544 4253 n.
564 4200 589 4254 7.
628 4198 651 4268 ⁸)
669 4190 722 4266 Ep.
741 4190 776 4252 ati
794 4186 897 4265 aphes.
916 4186 963 4253 IV.
981 4194 1025 4252 m.
1239 4208 1242 4212 ⁴

207 4271 219 4304 ⁴
252 4268 290 4324 cf.
320 4285 363 4338 ep.
381 4269 417 4324 acl
470 4269 547 4339 phas.
567 4269 614 4322 IV.
633 4269 730 4325 4-25.
749 4267 812 4326 coll.
832 4283 874 4336 ep.
892 4267 909 4322 l.
928 4267 964 4322 ad
983 4267 1045 4323 Cor.
1064 4266 1126 4325 ΧΠ.
1146 4267 1260 4325 12-14.

208 4339 232 4408 ν)
252 4338 303 4407 up.
320 4338 357 4394 so
375 4332 480 4396 coms.
498 4336 519 4392 1.
541 4340 582 4397 ra.
619 4336 644 4407 ι)
663 4327 715 4406 utp.
734 4337 770 4393 aa
785 4328 861 4406 upa.
878 4337 925 4396 Ν.
946 4340 987 4393 aa.
