2946 4942
618 333 656 378 uu
679 331 859 379 emeremus.
1254 320 1318 382 223

152 471 364 537 beatitudinis
387 471 584 552 evangelium
612 470 764 550 operariis
787 474 818 533 et
846 469 1019 551 opificibus*
1038 471 1263 552 praedicantur
1285 479 1317 537 et

155 558 350 623 uelocissime
373 565 600 640 propagantur.
628 560 691 620 ista
714 557 847 621 societas
877 555 1022 639 opificum
1051 559 1185 623 maxime
1210 577 1316 624 neces·

155 646 246 711 sitati
269 652 303 710 et
325 644 471 709 miseriae
501 649 712 725 opportunam
735 644 890 707 medelam
920 646 1055 725 paravit.
1105 645 1142 710 In
1164 665 1204 711 ea
1233 647 1315 710 enim

152 734 287 814 juvenes
309 729 442 814 opifices,
467 733 520 812 qui
542 731 636 795 bodie
651 730 834 812 plerumque
857 749 919 796 nou
943 737 1038 814 prout
1052 733 1151 814 priori
1175 739 1317 816 tempore

153 824 342 885 consuetum
377 823 460 898 erat,
495 819 527 882 iu
562 819 654 883 domo
688 823 720 881 et
750 816 868 882 familia
897 818 977 900 ejus,
1012 819 1045 883 in
1074 821 1163 902 cujus
1193 819 1324 902 officina·

155 911 338 985 operantur,
368 906 496 986 degunt,
527 905 637 968 sedin
659 905 730 968 aliis
759 905 903 969 domibus
929 905 978 971 vel
1001 908 1147 986 cauponis
1170 907 1315 972 babitare

156 1000 326 1075 coguntur,
354 999 520 1075 paternam
548 992 638 1072 quasi
660 992 786 1057 dolitum
808 993 972 1056 inveniunt
993 993 1024 1056 in
1048 1000 1134 1057 terra
1158 994 1262 1058 aliena
1284 999 1317 1057 et
1374 1031 1377 1035 .

155 1082 191 1144 in
213 1080 353 1160 ejusdem
367 1079 514 1161 praeside
529 1079 693 1144 sacerdote
709 1079 844 1144 amicum
858 1085 1026 1159 paternum
1048 1085 1081 1144 et
1096 1081 1316 1146 consultorem.

156 1167 195 1230 ln
217 1167 329 1232 eadem
352 1167 515 1245 societate,
539 1184 620 1247 quae
643 1172 798 1231 tesseram
820 1165 881 1230 sibi
903 1166 998 1246 elegit
1020 1185 1143 1232 vocem:
1179 1166 1261 1246 „Ora
1284 1172 1317 1232 et

154 1254 303 1319 laboral“
329 1254 494 1319 inveniunt
508 1253 648 1318 scholam
664 1253 798 1332 virtutis,
814 1253 981 1334 religiosae
997 1254 1204 1319 institutionis
1221 1260 1316 1334 atque

155 1341 346 1424 omnigenae
369 1341 564 1418 eruditionis
588 1358 651 1420 qua
672 1340 792 1422 indiget
815 1341 927 1422 opifex.
965 1341 1001 1404 ln
1024 1342 1136 1406 eadem
1159 1347 1232 1422 post
1255 1341 1317 1405 diei

156 1428 301 1494 laborem
331 1426 522 1493 confratrum
551 1425 706 1492 sodalium
736 1427 820 1492 laeto
851 1429 1034 1493 commercio
1065 1434 1097 1493 et
1119 1429 1316 1493 recreatione

157 1514 307 1580 fruuntur
330 1514 510 1596 gratissima
532 1519 656 1579 remota
678 1515 718 1580 ab
740 1515 893 1593 omnibus,
925 1532 1005 1596 quae
1026 1512 1101 1579 fidei
1123 1515 1318 1580 orthodoxae

157 1608 193 1668 et
215 1603 306 1669 bonis
327 1601 467 1666 moribus
490 1607 564 1665 sunt
587 1602 756 1666 contraria.

266 1688 332 1753 Sub
353 1689 526 1770 patrocinio
549 1687 700 1752 collocata
723 1687 754 1752 S,
773 1687 913 1768 Josephi,
937 1686 1058 1768 opificis
1080 1688 1165 1752 illius
1187 1690 1318 1753 sanctis·

157 1777 239 1855 simi,
263 1776 296 1840 in
319 1777 410 1858 cujus
432 1776 524 1841 domo
548 1780 580 1840 et
603 1773 728 1840 officina
743 1775 827 1839 Deus
851 1775 942 1839 homo
966 1773 1069 1839 lactus
1085 1774 1157 1855 lpse
1172 1775 1316 1840 babitare

158 1869 193 1930 et
215 1871 376 1944 tamquam
391 1861 495 1945 opifex
517 1863 640 1943 operari
656 1861 880 1941 dignatusest,
903 1861 982 1927 haec
1005 1862 1140 1927 societas
1156 1860 1318 1926 celerrime

158 1968 223 2016 non
252 1949 354 2015 solum
384 1968 442 2031 per
474 1955 575 2015 totam
600 1948 846 2013 archidioeoesin
869 1946 1103 2027 coloniensem,
1137 1950 1194 2014 sed
1222 1949 1317 2014 etiam

157 2056 216 2118 per
238 2055 346 2103 omnes
362 2036 550 2101 Germaniae
572 2042 691 2117 partes,
714 2054 751 2100 ac
766 2036 839 2101 dein
861 2054 919 2116 per
933 2036 1112 2116 Ungariam,
1129 2035 1317 2113 Helvetiam,

156 2127 253 2190 immo
276 2124 318 2189 ad
344 2123 463 2189 Urbem
494 2125 626 2188 Romam
658 2141 758 2204 nsque
786 2128 819 2187 et
840 2123 1078 2203 Alexandriam,
1113 2143 1171 2188 uec
1193 2141 1256 2187 non
1284 2130 1318 2187 et

157 2218 249 2276 trans
272 2210 433 2276 Oceanum
465 2211 506 2276 ad
528 2210 755 2275 remotissimas
777 2210 941 2276 Americae
968 2212 1112 2293 regiones
1145 2214 1318 2292 propagata

157 2304 217 2379 est,
249 2298 328 2362 adeo
352 2304 389 2362 ut
422 2298 727 2379 inpraesentiarum
756 2297 944 2379 plusquam
973 2303 1036 2364 500
1060 2299 1227 2363 societates
1250 2296 1317 2377 opi-

159 2385 253 2451 ticum
286 2385 487 2449 inveniantur
518 2384 633 2450 locales
661 2402 733 2448 cum
757 2389 874 2459 80,000
905 2385 1012 2463 sociiS,
1042 2385 1155 2464 quibus
1185 2382 1318 2466 singulis

158 2476 312 2553 praesunt
338 2471 500 2553 praesides
535 2471 652 2536 locales
684 2471 724 2535 ab
749 2470 924 2535 ordinariis
954 2471 1139 2552 approbati,
1173 2471 1233 2535 sub
1263 2489 1318 2548 au·

158 2559 266 2640 spiciis
295 2563 329 2623 et
358 2558 529 2623 directione
562 2559 655 2622 unius
683 2557 842 2622 Praesidis
870 2557 1041 2640 generalis,
1078 2559 1131 2639 qui
1166 2555 1317 2622 Coloniae

159 2646 278 2711 residet
300 2646 340 2710 ab
364 2644 508 2710 omnibus
530 2644 730 2725 praesidibus
752 2643 881 2711 electus.
1039 2645 1041 2649 ‘

265 2731 338 2797 Jam
369 2732 487 2812 pluries
513 2729 735 2798 Sanctissimus
758 2731 868 2811 Pater,
904 2732 955 2796 cui
983 2749 1168 2813 persuasum
1197 2735 1246 2795 est
1277 2730 1317 2794 de

159 2819 296 2885 maxima
316 2818 410 2900 hujus
433 2819 591 2884 societatis
607 2819 806 2899 necessitate,
830 2837 888 2899 pro
909 2818 974 2884 Sua
996 2818 1191 2900 benignitate
1214 2822 1246 2882 et
1268 2835 1319 2882 sa·

159 2906 279 2988 pientia
302 2906 433 2970 eandem
449 2906 581 2970 eximiae
596 2905 833 2971 benevolentiae
848 2906 946 2987 signis
969 2905 1150 2971 certissimis
1164 2904 1318 2970 honorare

157 2994 309 3076 dignatus
331 2997 381 3057 est
395 2985 463 3057 tdm
485 2992 586 3057 literis
602 2993 794 3074 apostolicis
817 2997 850 3056 et
864 2992 1130 3073 indulgentiarum
1146 2990 1317 3072 privilegiis

158 3081 190 3145 in
206 3079 375 3145 Societatis
390 3078 528 3144 favorem
552 3080 718 3158 concessis,
743 3086 811 3144 tum
827 3080 918 3143 donis
940 3098 978 3143 ac
1000 3080 1180 3159 honoribus,
1204 3078 1317 3158 quibus

156 3167 259 3250 ipsius
282 3167 443 3249 praesides
466 3165 622 3231 Sanctitas
652 3166 715 3231 Sua
738 3167 876 3230 donavit.
928 3165 977 3229 Ex
999 3167 1199 3247 omniaparte
1220 3165 1318 3245 igitur

155 3254 290 3336 dignum
313 3259 345 3317 et
363 3253 485 3334 justum
508 3272 651 3318 necnon
675 3253 815 3317 salutare
831 3270 901 3317 esse
924 3271 1088 3317 censemus
1111 3259 1206 3334 atque
1228 3251 1318 3316 enixe

152 3340 365 3422 postulamus,
392 3347 446 3419 ,ut
469 3339 599 3404 Sacrum
623 3339 798 3405 Concilium
822 3340 1009 3404 Vaticanum
1031 3341 1113 3405 hauc
1135 3343 1319 3404 societatem
1381 3376 1384 3382 ·

152 3423 304 3512 opificum
339 3428 387 3491 rei
419 3427 607 3491 christianae
641 3427 732 3491 valde
762 3424 934 3508 proficuam
967 3445 1024 3507 pro
1055 3428 1165 3491 merito
1188 3425 1319 3489 laudare

148 3519 256 3595 atque
278 3514 497 3578 commendare
521 3515 666 3594 dignetur
694 3521 855 3594 tamquam
878 3515 1051 3578 remedium
1073 3519 1105 3578 et
1127 3512 1317 3594 praesidium

152 3599 410 3665 efficacissimum
439 3606 549 3665 contra
578 3602 717 3682 ingentia
747 3601 831 3664 mala
861 3605 956 3680 atque
985 3601 1142 3681 pericula,
1177 3617 1257 3680 quae
1280 3617 1320 3661 ex

149 3693 252 3768 parte
265 3685 440 3752 Socialismi
451 3689 590 3768 perversi
605 3689 748 3751 societati
759 3686 913 3751 hnmanae
929 3693 962 3752 et
977 3688 1129 3768 imprimis
1149 3684 1318 3768 juvenibus

145 3772 324 3855 opificibus
347 3773 507 3854 fabrisque
532 3775 645 3855 ubique
668 3775 831 3838 imminere
853 3775 1107 3854 dignoscuntur.“

265 3875 384 3942 Romae
408 3875 555 3942 Calendis
578 3879 702 3941 Martiis
729 3882 820 3942 1870.
878 3898 881 3905 ·

257 4013 344 4078 Huic
362 4015 574 4095 postulationi
597 4017 855 4095 subscripserant
878 4021 919 4078 30
945 4015 1079 4081 Consilii
1101 4015 1227 4079 Patres.

635 4255 845 4266 Ἥ

636 4270 844 4278 -—--—..-..-.
