2946 4942
546 329 585 374 ou
608 327 704 376 66666
726 326 913 375 6666666666
1268 311 1304 370 71

257 468 372 549 Quare,
397 470 424 533 si
446 474 542 532 66166
564 467 603 533 de
625 467 864 549 opportunitate
887 466 979 530 istius
1002 463 1166 528 doctrinae
1193 463 1227 525 in
1249 462 1308 527 boc

151 555 362 622 Oecumenico
385 554 527 621 Concilio
549 554 803 639 pronuntiandae
827 571 846 617 6
867 552 1013 634 pluribus
1036 549 1182 615 dubitare
1206 548 1309 614 adbuc

150 644 264 725 potuit,
288 662 372 709 nunc
392 661 462 708 eam
474 642 602 707 definire
614 642 829 708 necessarium
844 657 974 722 prorsus
985 639 1118 703 videtur.
1144 635 1309 702 Catholica

151 731 236 796 enim
260 730 402 796 doctrina
424 730 535 795 iisdem
559 728 653 812 plane
676 730 870 811 argumentis
887 728 989 792 denuo
1001 726 1174 807 impetitur,
1195 724 1308 804 quibus

150 818 226 883 olim
262 818 417 898 homines,
449 818 577 899 proprio
597 817 716 899 judicio
739 815 949 894 condemnati,
973 814 1123 879 adversus
1146 830 1216 877 eam
1239 818 1309 877 616-

151 907 286 988 bantur;
311 906 433 986 quibua,
458 906 484 970 si
508 911 691 986 urgeantur,
715 905 783 986 ipse
804 903 937 968 Romani
959 899 1121 966 Pontifieis
1142 901 1308 982 primatus,

151 992 378 1073 Ecclesiaeque
400 991 608 1058 infallibilitas
630 992 869 1075 pessumdatum
892 997 925 1054 et
948 990 1061 1071 quibus
1084 1006 1179 1070 saepe
1203 986 1309 1052 deter-

150 1081 234 1144 rima
264 1081 403 1145 convicia
427 1086 539 1145 contra
561 1079 773 1162 Apostolicam
797 1078 911 1144 Sedem
941 1078 1163 1142 admiscentur.
1208 1075 1308 1139 Immo

150 1168 347 1232 acerbissimi
370 1167 542 1233 catholicae
567 1168 731 1234 doetrinae
754 1168 1009 1249 impugnatores,
1040 1164 1115 1230 hcet
1138 1162 1309 1228 catholicos

151 1274 188 1320 se
218 1255 343 1335 dicant,
380 1253 540 1320 affirmare
570 1275 633 1320 uon
656 1256 865 1334 erubescunt,
898 1253 1116 1318 Florentinam
1139 1250 1308 1334 Synodum,

151 1360 333 1423 supremam
355 1344 488 1407 Romani
510 1341 668 1408 Pontificis
703 1344 924 1408 auctoritatem
946 1340 1194 1407 luculentissime
1215 1335 1310 1419 profi-

150 1435 283 1505 tentem,
307 1432 539 1495 oecumenicam
563 1450 626 1496 non
648 1430 755 1497 inisse.
887 1438 892 1447 '

260 1516 293 1581 Si
315 1518 413 1599 igitur
436 1516 609 1584 Concilium
632 1519 828 1593 Vaticanum,
853 1518 933 1582 adeo
957 1521 1172 1599 provocatum,
1190 1518 1312 1580 taceret

153 1615 188 1669 et
212 1604 386 1669 catholicae
409 1605 574 1670 doctrinae
589 1606 804 1671 testimoninm
821 1604 896 1670 dare
911 1603 1095 1684 negligeret,
1111 1608 1187 1666 tunc
1204 1601 1310 1666 catho-

150 1691 234 1756 licus
258 1692 393 1773 populus
417 1692 456 1757 de
478 1711 555 1757 vera
578 1693 720 1758 doctrina
742 1711 856 1775 reapse
880 1691 1026 1757 dubitare
1049 1690 1211 1772 inciperet,
1236 1707 1311 1753 neo-

151 1779 245 1845 terici
268 1784 374 1844 autem
397 1779 570 1859 gloriantes
592 1785 780 1859 assererent,
800 1779 972 1846 Concilium
996 1779 1036 1843 ob
1060 1782 1247 1858 argumenta
1270 1777 1311 1840 ab

150 1866 230 1947 ipsis
254 1866 353 1931 allata
375 1867 509 1932 siluisse.
533 1867 712 1945 Quinimmo
736 1868 862 1933 silentio
881 1866 941 1932 hoc
951 1884 1076 1948 semper
1092 1865 1311 1943 abuterentur,

150 1960 191 2018 nt
213 1953 415 2035 apostolicae
438 1953 528 2020 Sedis
558 1956 685 2038 judiciis
709 1962 741 2021 et
765 1955 904 2020 decretis
927 1955 1011 2020 circa
1033 1951 1127 2017 fidem
1151 1958 1184 2017 et
1206 1969 1311 2016 mores

151 2040 260 2121 palam
283 2041 491 2106 obedientiam
515 2049 677 2124 negarent,
701 2043 927 2108 contendentes
950 2041 1034 2124 quod
1057 2038 1311 2104 RomannsPon·

151 2126 232 2192 tifex
253 2129 285 2192 in
310 2130 462 2210 ejusmodi
484 2130 609 2210 judiciis
632 2130 771 2196 ferendis
793 2129 860 2195 ialli
883 2130 1032 2212 potnerit.

242 2214 408 2280 Publicum
432 2217 541 2298 itaque
563 2219 611 2284 rei
634 2218 824 2284 christianae
850 2219 967 2284 bonum
991 2214 1154 2297 postulare
1177 2214 1311 2292 videtur,

150 2309 192 2367 ut
215 2302 457 2368 Sacrosanetum
488 2302 661 2370 Concilium
684 2307 887 2388 Vaticanum,
910 2305 1127 2370 Florentinum
1151 2302 1311 2366 1166661666

151 2391 194 2455 116
228 2391 369 2456 Romano
399 2391 553 2459 Pontifice
588 2394 691 2458 denuo
724 2391 878 2474 profitens
911 2398 944 2458 61
977 2391 1106 2456 uberius
1140 2389 1310 2471 explicans,

152 2479 284 2560 apertis,
308 2497 494 2562 omnemque
518 2481 684 2546 dubitandi
707 2479 812 2546 locum
829 2479 1107 2562 praecludentibus
1118 2476 1224 2542 verbis
1240 2494 1311 2541 san-

152 2567 221 2630 cire
243 2566 319 2632 velit
342 2585 530 2650 supremam,
554 2569 687 2652 ideoque
711 2570 751 2635 ab
775 2587 880 2636 errore
902 2571 1074 2635 immunem
1086 2584 1155 2631 esse
1171 2563 1311 2646 ejusdem

150 2652 288 2719 Romani
310 2654 469 2722 Pontificis
493 2659 723 2738 auctoritatem,
747 2676 842 2738 quum
865 2658 1014 2723 incr-ebus
1037 2654 1112 2720 fidei
1134 2659 1168 2718 et
1190 2670 1310 2717 morum

152 2759 194 2806 ea
221 2743 332 2808 statuit
354 2762 392 2810 66
414 2745 587 2827 praecipit,
612 2764 694 2827 quae
717 2746 757 2810 ab
781 2747 924 2812 omnibus
957 2741 1221 2811 Christifidelibus
1245 2757 1312 2805 cre·

153 2829 259 2894 denda
283 2838 315 2894 et
337 2833 481 2914 tenenda,
505 2850 626 2914 quaeve
647 2832 822 2916 rejicienda
844 2839 877 2898 et
900 2830 1081 2897 damnanda
1102 2831 1175 2894 sint.

261 2915 329 2983 Non
362 2919 476 2984 desunt
498 2920 624 3001 quidem
647 2921 701 3002 qui
725 2921 912 3000 existiment,
936 2938 956 2985 6
980 2918 1134 2984 catholica
1155 2916 1312 2982 16661661-

151 3010 224 3069 tate
250 3007 418 3072 sancienda
440 3008 661 3074 abstinendum
685 3026 764 3088 esse,
781 3027 821 3073 ne
843 3007 1033 3074 schismatici
1050 3011 1146 3087 atque
1159 3003 1312 3069 haeretiei

152 3093 278 3172 longius
308 3094 349 3158 ab
372 3095 514 3161 Ecclesia
537 3102 715 3161 arceantur.
740 3097 802 3162 Sed
824 3097 857 3161 16
880 3096 992 3178 primis
1016 3094 1189 3159 catholicus
1212 3110 1312 3173 popu-

150 3179 206 3244 lns
226 3179 277 3259 J‘ns
300 3181 407 3262 habet,
432 3189 467 3247 ut
489 3183 530 3248 ab
554 3183 763 3250 Oecumenica
786 3183 911 3266 Synodo
935 3184 1101 3261 doceatur,
1125 3179 1199 3261 qnid
1222 3181 1255 3243 16
1277 3197 1312 3243 66

151 3274 221 3330 tam
252 3269 359 3348 gravi,
392 3275 425 3334 et
454 3277 520 3336 tam
551 3270 694 3353 improbe
716 3289 817 3353 nuper
838 3272 1023 3353 impugnata
1047 3266 1238 3336 credendum
1262 3267 1312 3345 sit,

151 3372 196 3418 ne
230 3355 388 3438 simplices
419 3361 452 3422 et
482 3360 626 3424 incautos
660 3361 831 3423 multorum
861 3359 983 3422 animos
1005 3356 1201 3438 perniciosus
1224 3372 1313 3419 error

151 3442 282 3507 tandem
317 3451 507 3526 corrumpat.
568 3446 690 3512 Idcirco
713 3446 810 3511 etiam
832 3446 1060 3528 Lugdunenses
1083 3448 1115 3509 et
1137 3442 1313 3507 Tridentini

154 3527 271 3594 Patres
293 3535 414 3596 rectam
446 3533 622 3599 doctrinam
656 3531 879 3598 stabiliendam
912 3550 982 3598 esse
1012 3534 1216 3609 6666666661,
1251 3530 1313 3593 6161

152 3615 349 3683 schismatici
387 3625 420 3683 et
451 3619 603 3685 haeretici
637 3618 880 3688 offenderentur.
926 3619 987 3697 Qui
1010 3621 1038 3685 si
1061 3619 1184 3684 sincera
1207 3623 1312 3682 mente

152 3704 320 3769 veritatem
355 3714 526 3786 quaerant,
560 3725 623 3772 non
656 3708 922 3773 absterrebantur
944 3706 1001 3772 aad
1023 3705 1214 3783 allicientur,
1238 3704 1313 3768 dum

151 3791 233 3872 ipsis
255 3792 440 3874 ostenditur,
453 3812 514 3876 quo
533 3795 733 3876 potissimum
744 3794 950 3860 fundamento
962 3794 1137 3860 catholicae
1152 3791 1312 3857 Ecclesiae

152 3878 261 3942 unitas
291 3887 325 3944 et
358 3877 490 3946 firmitas
523 3883 655 3951 nitatur.
712 3881 746 3948 Si
779 3883 834 3964 qui
856 3887 979 3962 autem,
1002 3900 1082 3947 vera
1105 3880 1249 3945 doctrina
1271 3878 1313 3942 ab

153 3964 367 4031 Oecumenico
391 3965 529 4033 Concilio
553 3967 690 4050 definita,
714 3970 755 4035 ab
777 3969 921 4036 Ecclesia
944 3969 1123 4048 deficerent,
1138 3964 1313 4031 hinnmero

153 4055 249 4136 pauci
281 4060 314 4118 et
344 4053 529 4134 J'amdudum
552 4057 585 4120 iu
608 4055 670 4122 fide
691 4055 839 4139 naufragi
861 4061 949 4136 sunt,
974 4060 1173 4138 praetextum
1196 4051 1314 4117 solum-

153 4140 248 4205 modo
285 4151 494 4222 quaerentes,
534 4161 596 4225 quo
632 4150 765 4210 externa
804 4145 899 4208 etiam
939 4144 1064 4209 actione
1098 4140 1243 4208 Ecclesia
1277 4158 1311 4205 66

154 4228 302 4307 eximant,
327 4246 422 4311 quam
445 4231 568 4295 interno
591 4249 687 4297 sensu
707 4233 774 4314 jam
798 4230 975 4296 deseruisse
1002 4230 1107 4312 palam
1131 4228 1312 4294 ostendunt.

154 4313 197 4378 Hi
221 4324 304 4394 sunt,
327 4317 381 4396 qui
404 4316 594 4384 catholicum
617 4319 768 4400 populum
793 4319 942 4383 continuo
965 4320 1098 4383 turbare
1119 4334 1183 4383 non
1200 4314 1314 4380 abhor-
