2954 4936
583 331 622 379 ou
644 330 824 383 ulscuums.
1218 322 1283 382 itt

187 500 447 572 Esaiaeatissimi
469 502 653 569 cardinales
675 511 705 570 et
723 504 897 585 praecipui
920 506 1028 571 cariae
1050 505 1213 572 Ronmacc

307 607 462 691 officiales
485 629 524 674 ecc
548 608 670 673 canetis
692 608 879 675 narrasses
901 610 1093 676 assumendi.

223 746 497 813 Eminentissimos
520 747 712 826 cardinales,
747 748 887 829 itemque
914 748 968 815 SS.
991 747 1280 832 congregationum

115 833 385 917 tribunaliumque
399 835 561 901 Romanae
575 834 737 901 Ecclesiae
754 836 958 916 consultores,
975 836 1133 916 officiales,
1145 837 1281 918 judices,

115 938 156 988 ox
178 922 321 1002 omnibus
344 923 490 1003 gentibus
525 924 644 988 assumi
676 924 801 988 omnino
835 925 1010 1004 expediret3
1040 931 1196 1006 quatenus
1222 927 1275 1004 sic,

116 1007 229 1074 mebus
260 1011 392 1092 cognitis
424 1015 458 1075 et
486 1011 661 1093 perspectis
694 1010 939 1094 uniuscujusque
971 1012 1109 1076 nationis
1141 1013 1276 1094 ingenio,

115 1096 267 1179 moribus,
301 1097 598 1176 consuetudinibus,
633 1102 782 1179 statuque
815 1099 900 1162 omni
934 1099 1096 1180 religioso,
1130 1099 1211 1165 civili
1243 1104 1277 1163 et

114 1182 261 1266 politico,
294 1191 440 1250 restam
467 1184 632 1266 generales
666 1202 757 1265 quam
787 1185 993 1266 particulares
1015 1185 1192 1266 Ecclesiae,
1225 1186 1278 1251 vel

114 1270 330 1352 ecclesiarum,
353 1272 460 1353 aptius
481 1276 613 1354 possent
634 1276 667 1336 et
688 1272 876 1355 prudentius
903 1272 1082 1354 gubernari.
1099 1275 1125 1357 1)

276 1463 328 1529 De
353 1463 506 1529 Consiliis
529 1462 736 1528 oecumenicis
758 1462 888 1542 saepias
911 1463 1120 1531 celebrandis,-

219 1600 299 1668 Cum
331 1604 364 1669 in
396 1601 535 1668 Concilio
574 1602 759 1667 Tridentino
796 1601 889 1666 multi
926 1604 1016 1668 enixe
1052 1604 1279 1684 postulassent,

113 1690 246 1757 maxime
268 1709 344 1756 varo
367 1690 480 1756 Italiae
501 1689 663 1771 Episcopi,
697 1695 733 1753 ut
756 1687 896 1754 Concilio
923 1692 1125 1756 oecumenica
1151 1692 1276 1772 saepius

112 1775 267 1843 celebrari
289 1778 450 1858 deberent,
463 1777 489 1860 ἵ)
513 1795 547 1842 re
570 1776 612 1842 ad
629 1777 659 1843 S.
683 1773 869 1841 Pontificem
890 1794 948 1857 per
971 1777 1037 1843 RR.
1054 1775 1115 1843 CC.
1138 1779 1278 1859 Legatos

112 1861 229 1944 delata,
252 1864 386 1931 libenter
409 1869 564 1929 annuerat
578 1863 653 1927 Pius
668 1863 722 1928 IV.
747 1867 792 1942 ut,
815 1864 843 1929 si
866 1865 912 1929 ita
934 1865 1095 1931 videretur
1115 1864 1274 1944 Patribus,

112 1948 284 2016 Decretum
317 1951 428 2018 confici
462 1956 570 2032 posset
600 1951 639 2016 de
672 1950 872 2032 generalibus
895 1950 1043 2016 Conciliis
1076 1951 1208 2034 singulis
1231 1957 1277 2019 20

111 2039 203 2107 aunis
235 2037 397 2105 habendis.
448 2040 513 2104 Res
546 2043 653 2103 tamen
688 2038 910 2103 deliberationi
932 2038 1064 2104 Concilii
1098 2057 1118 2103 a
1145 2039 1273 2120 Legatis

110 2126 272 2206 proposita
294 2145 357 2191 non
380 2125 448 2192 luit.
494 2125 678 2190 Postulatur
700 2126 797 2207 igitur
828 2131 864 2189 ut
892 2126 925 2190 in
949 2124 1087 2192 Concilio
1109 2126 1278 2207 Vaticano,

109 2220 272 2282 mouente
294 2212 324 2279 S.
341 2211 503 2278 Pontificis
518 2212 567 2276 Pii
581 2212 636 2279 IX.
659 2212 858 2295 benignitate
873 2219 908 2279 et
922 2214 1087 2295 sapientia,
1102 2213 1273 2279 Decretum

109 2298 152 2367 de
173 2317 213 2365 ea
234 2300 422 2382 gravissima
444 2319 481 2365 re
502 2299 722 2366 deliberationi
743 2299 876 2365 Patrum
903 2302 1036 2382 proponi
1058 2301 1168 2381 possit.

297 2506 350 2573 De
375 2505 531 2572 Conciliis
547 2506 714 2587 plenariis
735 2507 896 2572 interdum
916 2508 1080 2573 habendis.

148 2647 150 2650 ⁴
216 2645 295 2712 Cum
316 2646 419 2711 multa
440 2647 513 2725 sint,
536 2645 602 2710 sive
623 2646 664 2709 ad
686 2644 916 2728 defensionem,
946 2647 1011 2711 sive
1033 2646 1075 2710 ad
1096 2646 1273 2728 profectum

110 2736 142 2798 et
165 2733 392 2799 incrementum
415 2732 667 2797 rei'christionae
684 2735 870 2814 spectantia,
894 2751 985 2815 quae,
1007 2739 1137 2814 propter
1159 2734 1276 2799 identi-

109 2821 366 2900 tirannorum,
400 2820 524 2902 legum,
556 2821 687 2900 ingenii,
722 2825 889 2902 statusque
920 2821 1020 2884 omnis
1043 2827 1110 2884 tum
1132 2821 1272 2903 religiosi

109 2909 175 2979 mm
198 2908 328 2989 politici,
351 2910 384 2971 in
408 2907 518 2973 eadem
542 2915 637 2989 gente
659 2912 734 2971 sunt
756 2909 941 2989 communia,
965 2909 1098 2990 ideoque
1120 2926 1183 2973 non
1211 2909 1273 2977 nisi

84 3039 92 3044 -
109 2995 324 3067 mmmumbus
340 2995 479 3060 consiliis
494 2999 528 3059 et
543 2996 709 3061 conatibus
724 2995 898 3076 prudenter
912 2997 1046 3061 tractari
1061 3000 1093 3060 et
1104 2993 1274 3063 efficaciter

216 3201 237 3272 ¹)
256 3203 315 3257 Hoc
334 3201 537 3256 reformationis
549 3209 688 3271 punctum,
708 3203 944 3269 utpote'maximi,
964 3208 992 3257 et
1007 3201 1201 3256 evidentissimi
1212 3219 1273 3259 mo

105 3274 207 3340 menti,
239 3273 409 3340 propositum
437 3275 577 3340 reperitur
603 3274 632 3327 in
664 3275 789 3327 omnibus
816 3273 969 3341 postulatis
997 3272 1119 3328 Concilio
1146 3273 1270 3330 Trident.

103 3343 261 3399 submissis:

213 3411 292 3480 ¹‚Sint
310 3411 481 3465 diversarum
499 3412 663 3470 nationum.“
702 3411 820 3481 (Postul.
838 3411 935 3469 Barth.
952 3429 970 3466 a
988 3411 1118 3481 Martyr.)

231 3480 409 3538 Cardinales.
423 3521 429 3534 .
443 3525 450 3538 .
463 3499 497 3536 ex
512 3483 636 3536 omnibus
648 3483 808 3536 nationibus
821 3482 918 3548 optimi
930 3482 1032 3550 quique
1046 3482 1182 3550 eligantur
1191 3521 1269 3540 .....

96 3560 127 3608 ut
144 3522 293 3608 resideam
311 3553 338 3605 in
355 3550 449 3605 urbe.“
487 3552 602 3618 (Postnl.
621 3553 758 3606 variorum
779 3553 882 3620 Episc.)

212 3623 256 3689 „C
284 3622 315 3676 R.
346 3622 381 3678 E.
409 3621 568 3675 Cardinules
594 3639 629 3676 ex
652 3623 737 3676 variis
762 3622 918 3690 quibusque
940 3621 1098 3689 regionibus
1126 3628 1154 3674 ct
1181 3621 1270 3678 natio·

86 3694 186 3748 nibus
206 3708 224 3746 a
243 3692 375 3746 Pontifice
394 3692 561 3759 deligantur,
590 3693 723 3758 aquibus
746 3693 805 3759 ipse
824 3693 858 3747 de
877 3692 959 3745 rebus
978 3700 1007 3744 et
1026 3691 1269 3758 singularitatibus

80 3762 320 3890 ffliuscuss'usque
339 3762 447 3816 facilius
465 3762 687 3829 commodiusque
706 3763 798 3816 doceri
816 3763 905 3831 possit
917 3770 944 3816 et
956 3761 1124 3816 informari.“
1151 3761 1269 3829 (PostuL

162 3835 186 3886 'a
234 3833 296 3885 usit.

137 3849 170 3901 gl
213 3903 234 3964 ¹)
254 3839 419 3970 ,ploratum
431 3901 545 3956 Concilii
561 3901 792 3967 Constantianam,
811 3902 845 3956 de
858 3901 981 3956 Concilio
993 3902 1117 3968 quolibet
1136 3900 1265 3954 decennio

72 3971 285 4099 fffbmd‘f’
299 3970 525 4094 lconfirmandum
543 3980 626 4040 esset,
655 3980 682 4026 et
700 3973 850 4027 executioni
870 3971 1079 4028 mandandum.“
1118 3968 1266 4039 (Postulat.

153 4058 207 4101 sco
230 4083 236 4094 .
270 4043 362 4099 taiac.

118 4061 142 4113 p
209 4057 269 4177 {Ut
287 4126 319 4165 ea
338 4043 408 4178 quiae
426 4117 532 4166 statuta
549 4110 651 4165 inierint
669 4112 855 4178 observentur,
874 4118 903 4165 et
921 4111 1067 4179 quaejure
1078 4111 1139 4178 ipso
1158 4110 1265 4167 sancita

69 4186 168 4243 tune
186 4179 267 4239 firma
290 4191 485 4249 permaneaut;
512 4188 651 4236 statuatur
675 4190 719 4248 ut,
745 4182 827 4237 anuis
854 4182 1009 4249 quibusque
1035 4182 1132 4249 viginti
1157 4181 1265 4248 saltem,

66 4249 404 4315 Reserate-Concilium
430 4255 458 4306 in
477 4253 604 4308 Ecclesia
635 4253 799 4320 celebretur,
826 4253 881 4307 uisi
908 4252 990 4307 aliter
1017 4267 1122 4309 summo
1141 4250 1264 4320 pontifici

64 4323 191 4379 visum
208 4320 316 4376 iucrit¹‘
354 4323 471 4392 (Postut
490 4324 576 4392 Regis
594 4323 732 4393 Lusitau.)
