2946 4942
476 341 516 403 pn
539 342 688 390 nomnrun
712 342 891 392 cnrnomer.

571 565 708 633 CAPUT
731 568 785 635 111.

392 705 443 772 De
465 705 601 773 tomims
624 707 795 773 elevatione
818 715 847 774 et
870 709 974 789 tapso.

210 830 327 894 Verum
348 830 465 911 inipso
488 831 614 912 generis
628 829 758 895 humani
780 832 951 912 primordio
967 850 1116 914 magnum
1134 835 1267 916 insuper

100 917 262 999 quoddam
296 917 420 982 munuc
452 917 579 998 pietatis
613 936 762 983 arcanum
793 918 871 983 fides
907 919 1077 985 christiana
1111 922 1262 1002 agnoscit.

101 1004 205 1071 Homo
241 1003 283 1069 ad
311 1005 478 1084 imaginem
501 1004 561 1070 Dei
590 1003 693 1070 factus
722 1007 792 1087 ipsa
813 1007 940 1086 quidem
962 1011 1078 1071 nutura
1101 1026 1158 1073 sua
1180 1010 1263 1075 ordi·

100 1099 200 1158 natur
223 1091 265 1156 ad
286 1093 388 1156 Deum
412 1091 674 1174 cognoscendum,
698 1092 880 1174 colendum,
912 1095 1091 1174 amandum,
1115 1115 1153 1162 eo
1176 1097 1263 1162 vide·

100 1179 177 1246 licet
199 1179 300 1258 modo,
323 1180 377 1259 qui
392 1180 507 1244 insitae
530 1178 673 1245 facultati
688 1181 845 1261 congruit.
881 1182 1105 1249 Verumtamen
1121 1201 1262 1250 summus

100 1285 209 1333 rerum
239 1264 392 1332 Conditor
419 1270 452 1332 et
481 1266 653 1348 Dominus,
688 1269 778 1350 cujus
806 1271 950 1351 potentia
977 1275 1104 1336 creatae
1131 1275 1262 1337 naturae

99 1354 351 1436 proprietatibus
382 1358 415 1418 et
437 1353 559 1435 legibus
582 1372 644 1420 non
668 1356 941 1436 circumscribitur,
964 1356 1151 1423 inexhausta
1173 1357 1265 1423 boni·

100 1447 171 1508 tate
203 1440 376 1507 humanum
404 1458 502 1522 genus
531 1443 564 1506 in
591 1443 692 1524 primo
716 1448 849 1524 parente
880 1461 974 1524 super
996 1450 1131 1509 naturae
1155 1446 1261 1511 condi-

99 1529 220 1595 tionem
254 1529 295 1593 ad
328 1532 449 1592 statum
471 1529 628 1610 quendam
650 1528 815 1595 sublimem
838 1530 964 1595 elevare
991 1530 1108 1612 voluit,
1143 1533 1176 1597 in
1199 1551 1261 1615 quo

101 1617 230 1682 divinae
253 1615 351 1698 ipsius
375 1633 504 1681 consors
527 1614 704 1681 efficeretur
725 1621 856 1681 naturae
880 1618 923 1700 (2.
947 1620 1033 1683 Petr.
1058 1628 1086 1686 1.
1110 1621 1164 1702 4.).
1198 1621 1263 1684 Ita-

100 1722 165 1786 que
188 1709 316 1784 praeter
338 1704 430 1782 dona,
454 1703 568 1784 quibus
590 1704 621 1767 in
644 1704 773 1785 propria
795 1709 910 1769 natura
931 1703 1147 1786 perficeretur,
1163 1706 1261 1788 Spiri-

98 1799 171 1857 tum
194 1791 344 1858 Sanctum
367 1791 397 1856 ei
417 1789 541 1871 infudit,
566 1796 612 1870 ut,
635 1796 752 1856 natura
775 1792 899 1873 quidem
922 1810 1047 1874 servus,
1080 1795 1242 1860 sanct'tati

98 1882 210 1944 autem
232 1878 335 1960 gratia
349 1875 442 1958 filius,
462 1879 530 1961 jnm
552 1897 616 1944 nou
631 1877 727 1951 solius
742 1883 875 1944 naturae
894 1880 1011 1962 vigore,
1035 1881 1091 1960 sed
1106 1881 1263 1948 charitate

99 1967 240 2048 desuper
270 1963 392 2045 infusa,
427 1964 534 2031 divina
561 1966 711 2031 mandata
741 1971 774 2032 et
796 1967 922 2033 virtutis
945 1986 1044 2051 opera
1066 1969 1259 2052 exequendo,

99 2057 265 2119 aeternam
287 2052 517 2119 haereditatem
538 2057 782 2136 promereretur.
826 2052 877 2119 Ad
890 2054 969 2121 haec
991 2073 1120 2121 carnem
1135 2057 1260 2138 spiritui

97 2142 207 2221 gratia
232 2159 291 2207 sua
316 2139 409 2221 plene
438 2139 611 2222 subjectam
640 2139 728 2218 fecit,
763 2145 795 2206 et
817 2141 928 2207 mortis
950 2142 1049 2225 ipsius
1071 2143 1217 2208 timorem
1240 2163 1263 2208 a

98 2227 232 2295 mortali
260 2227 402 2294 removit.
448 2226 593 2293 Mortalis
620 2228 736 2310 quippe
767 2237 839 2294 erat
867 2229 961 2295 homo
989 2229 1167 2296 conditione
1193 2249 1260 2297 cor·

97 2316 189 2397 poris
211 2314 364 2395 animalis,
387 2315 574 2380 immortalis
596 2320 704 2380 autem
726 2314 878 2381 beneficio
902 2315 1090 2383 conditoris.
1099 2319 1124 2400 1)

206 2402 299 2468 Hunc
315 2402 400 2466 Deus
422 2402 455 2465 in
476 2402 616 2484 paradisi
639 2400 790 2467 felicitate
814 2407 964 2485 tanquam
979 2406 1013 2468 in
1036 2404 1258 2470 umbra-vitae

95 2489 276 2571 collocavit,
309 2490 354 2557 sic
382 2507 552 2555 munerans
579 2488 679 2554 libero
703 2491 845 2571 arbitrio,
868 2494 905 2555 ut
926 2495 1033 2555 tamen
1055 2499 1179 2572 regeret
1202 2493 1262 2555 im·

94 2576 198 2660 perio,
221 2582 358 2643 terreret
380 2576 514 2660 exiliat)
558 2576 670 2642 Posuit
684 2581 759 2642 autc
783 2595 856 2642 eum
878 2577 1023 2644 vitamet
1045 2583 1188 2658 mortem,
1212 2586 1262 2658 ut,

94 2664 254 2747 siquidem
287 2666 386 2731 vitam
407 2663 553 2746 eligeret,
587 2665 627 2730 de
659 2663 777 2729 virtute
804 2665 838 2729 in
861 2663 1009 2731 virtutem
1033 2667 1256 2746 conscendens,

93 2751 139 2818 ad
162 2770 295 2837 regnum
317 2751 452 2818 coeleste
473 2750 709 2832 transferretur,
734 2751 838 2816 Deum
860 2751 997 2818 Deorum
1020 2753 1157 2833 visurus,
1194 2772 1258 2819 nou

93 2843 135 2907 ut
156 2838 309 2913 facultate
343 2837 482 2904 naturali
504 2839 604 2904 videri
625 2842 744 2920 potest,
779 2838 836 2904 sed
858 2838 938 2906 facie
966 2839 1007 2904 ad
1029 2838 1143 2906 faciem
1166 2838 1258 2906 sicuti

94 2932 162 3009 est,
198 2934 231 2993 et
259 2927 321 2993 hac
349 2926 470 2992 visione
492 2927 524 2992 iu
546 2927 650 3009 ipsum
672 2924 916 2992 transformatus
940 2926 1065 2993 divinae
1086 2927 1258 3010 voluptatis

92 3019 241 3082 torrente
262 3019 438 3096 potaretur.

202 3100 291 3169 Haec
312 3099 368 3167 illa
390 3105 440 3166 cst
453 3099 588 3165 hominis
611 3099 756 3180 elevatio,
781 3118 875 3182 quam
891 3098 944 3165 SS.
959 3099 1092 3165 Petrum
1115 3101 1257 3184 vestigiis

92 3189 281 3256 insistentes
303 3189 459 3254 Doctores
482 3185 630 3253 catholici
652 3193 739 3253 recte
756 3187 1032 3270 supernaturalem
1054 3195 1256 3269 vocaverunt,

92 3282 133 3355 ut
148 3294 230 3359 quae
252 3282 387 3343 naturae
402 3279 530 3341 creatae
553 3282 621 3340 tum
644 3275 729 3340 vires
745 3279 812 3340 tum
835 3275 1026 3357 exigentiam
1040 3276 1261 3358 transcendat,

91 3363 230 3445 ideoque
253 3380 311 3428 nec
331 3363 453 3429 meritis
474 3380 532 3427 nec
554 3361 694 3428 naturali
709 3362 880 3428 conditioni
901 3362 1036 3429 hominis
1060 3362 1175 3444 debita,
1199 3363 1258 3430 scd

91 3451 273 3534 gratuitum
296 3451 340 3517 sit
364 3449 489 3516 dimum
511 3449 669 3531 largitatis
691 3447 886 3515 beneficium.

202 3537 244 3604 At
266 3557 341 3603 vero
364 3537 457 3604 homo
473 3535 637 3614 conditori
661 3541 693 3601 et
715 3536 805 3601 Patri
827 3555 884 3603 suo
906 3536 1048 3618 ingratus
1071 3537 1258 3602 mandatum

91 3627 165 3707 ejus
197 3624 295 3690 libere
328 3623 590 3707 transgrediendo
613 3643 631 3690 e
652 3627 756 3703 statu,
792 3624 833 3688 ad
867 3642 960 3706 quem
994 3640 1090 3706 super
1122 3629 1259 3690 naturae

90 3711 311 3779 conditionem
327 3716 454 3777 evectus
478 3715 554 3790 erut,
578 3730 642 3776 una
663 3729 734 3776 cum
749 3712 924 3794 propagine
947 3728 1004 3775 sua
1026 3710 1151 3791 excidit,
1175 3712 1255 3777 iram

89 3800 158 3866 Dei
178 3804 211 3866 et
242 3798 491 3881 indignationem
512 3800 691 3877 incurrens,
727 3799 927 3863 sanctitatem
956 3803 990 3863 et
1009 3797 1166 3880 justitiam
1189 3804 1255 3862 tam

89 3887 156 3952 sibi
179 3905 273 3967 quam
296 3887 386 3952 nobis
408 3884 557 3967 perdidit,
582 3892 614 3950 ct
628 3890 759 3967 peccato
781 3885 965 3968 inquinatus
980 3904 1043 3951 non
1066 3889 1199 3950 mortem
1223 3893 1260 3948 et

87 3991 215 4057 poenas
245 3975 383 4055 corporis
406 3978 543 4053 tautum,
575 3972 631 4037 sed
662 3973 758 4038 ctiam
780 3977 962 4055 peccatum,
992 3972 1076 4055 quod
1098 3989 1182 4037 mors
1206 3976 1255 4036 est

88 4063 238 4139 animae,
271 4060 305 4126 in
338 4079 430 4126 omne
461 4077 560 4144 genus
591 4058 763 4124 humanum
789 4059 968 4125 transfudit.
1015 4059 1106 4137 Quod
1129 4058 1255 4140 quidem

86 4150 184 4216 Adae
212 4152 380 4229 peccatum
406 4146 648 4231 propagatione,
682 4163 745 4211 non
772 4146 947 4212 imitatione
980 4147 1013 4211 iu
1046 4164 1153 4212 omncs
1184 4146 1257 4228 cJus

85 4282 307 4295 ----

205 4343 223 4406 ¹)
243 4339 269 4393 S.
288 4343 359 4407 Aug.
377 4338 489 4394 Euchir.
509 4355 532 4394 c⁴
551 4340 595 4392 25.
670 4338 691 4408 ²)
709 4336 778 4394 luit.
