2946 4942
625 338 665 384 nn
688 337 870 386 nnsorenml.
1267 325 1327 387 181

166 476 272 542 facere
306 495 383 542 suae
415 476 603 558 aptitudinis
637 476 679 541 ad
713 494 825 541 munus
858 476 1028 558 pastorale.
1052 514 1055 519 -
1082 475 1187 542 durae
1222 483 1330 561 autem

166 564 346 646 pastorales
369 562 572 630 conferuntur
599 564 730 628 attentis
760 563 950 628 testimoniis
977 564 1186 646 parochorum
1221 571 1255 629 et
1277 565 1331 631 de·

165 670 320 716 canorum
343 652 429 717 circa
451 668 564 729 mores,
587 652 751 732 pietatem,
774 651 878 715 zelum
901 657 932 716 et
954 653 1156 734 prudentiam
1172 649 1330 717 Candida-

164 745 280 819 torum,
303 756 385 820 quae
407 739 590 803 testimonia
612 739 708 803 etiarn
725 757 782 820 per
803 739 911 819 plures
928 757 1027 804 annos
1050 746 1124 803 sunt
1139 740 1329 820 repetenda3

162 828 212 890 ita
245 831 281 890 ut
315 827 355 889 sit
386 826 544 890 certitudo
576 826 753 890 omnimoda
785 827 968 891 meritorum
995 827 1212 906 promovendi,
1244 828 1329 908 quod

165 914 276 994 utique
299 914 397 978 menti
419 911 539 995 Synodi
559 912 763 977 Tridentinae
787 919 836 977 est
858 931 953 995 quam
975 914 1110 978 maxime
1133 912 1300 980 conforme.

235 1081 240 1090 ι
271 999 455 1074 Postulatur
476 1002 583 1080 itaque
607 1018 646 1064 ne
668 1001 744 1081 quid
766 997 959 1066 in'Decretis
981 1005 1141 1064 statuatur
1163 1019 1225 1081 quc
1248 1001 1329 1067 hacc

161 1089 273 1170 praxis
295 1088 500 1168 impediatur3
522 1089 595 1166 lrno,
619 1094 655 1152 ut
677 1087 812 1166 videtur,
841 1087 919 1153 haec
942 1086 1109 1169 disciplina
1130 1105 1193 1152 non
1216 1106 1327 1169 parum

160 1175 331 1256 prodesset
352 1174 422 1239 aliis
446 1174 650 1240 dioecesibus.

273 1267 301 1325 2.
336 1262 448 1339 Quoad
478 1261 639 1327 Ecclesiae
674 1261 888 1340 suecursales,
923 1260 1103 1342 postulatur
1137 1270 1173 1325 ut
1211 1263 1327 1328 decisio

160 1349 240 1412 data
262 1367 282 1413 a
304 1348 333 1414 S.
353 1349 397 1412 M.
415 1348 568 1430 Gregorio
584 1348 667 1414 XVI.
691 1349 848 1430 Episcopo
864 1348 1040 1427 Leodiensi,
1065 1348 1149 1414 circa
1171 1349 1327 1430 parochos

159 1436 425 1514 succurratistos,
457 1445 490 1499 ut
513 1443 674 1516 vocantur,
709 1440 914 1501 conservetur
937 1442 969 1500 et
1000 1435 1210 1500 confirmetur.
1256 1437 1328 1502 Dis·

158 1520 276 1602 ciplina
298 1523 385 1601 haec,
409 1522 449 1587 ab
472 1524 563 1587 annis
585 1522 651 1587 fere
677 1529 718 1587 70
740 1524 861 1604 vigem,
889 1522 950 1587 fuit
974 1523 1139 1587 utilissima
1161 1530 1194 1588 et
1218 1525 1327 1589 etiam·

156 1627 247 1673 nunc
269 1615 317 1674 est
332 1611 520 1675 necessaria.
554 1610 650 1674 Bonis
673 1619 707 1675 et
729 1612 789 1692 plis
813 1609 1035 1675 Sacerdotibus
1051 1617 1101 1675 est
1115 1610 1326 1693 perjucunda3

156 1697 271 1776 paucis
305 1698 493 1778 quandoque
527 1697 655 1763 discolis
691 1698 801 1763 odiosa
829 1716 925 1777 quum
957 1698 1058 1779 magis
1089 1698 1255 1765 attendere
1279 1705 1331 1764 te·=

156 1790 298 1848 neantur
334 1803 374 1848 ne
407 1803 515 1849 eornm
549 1786 627 1848 vitia
661 1787 790 1851 tandem
825 1784 994 1865 aliquando
1027 1803 1086 1866 per
1117 1787 1324 1852 mutationem

156 1871 307 1937 stationis
330 1871 380 1935 vel
403 1873 632 1955 depositionem
655 1873 836 1954 puniantur.

718 2121 771 2186 IV.

526 2257 577 2324 De
601 2258 729 2342 Spoodo
751 2258 959 2325 Dioecesorra.

265 2400 409 2482 Synodus
432 2401 624 2466 Dioecesana
655 2418 758 2465 annue
782 2399 935 2465 celebrari
964 2403 1125 2479 potestat
1157 2398 1325 2485 utilissime

152 2488 339 2554 celebratur
371 2488 404 2552 in
438 2488 564 2570 Belgio,
601 2488 675 2552 dum
702 2489 809 2569 apices
839 2487 921 2569 juris
955 2504 1018 2551 non
1053 2485 1178 2550 omnino
1203 2487 1324 2551 servari

153 2575 285 2654 debent,
308 2594 364 2654 nec
389 2593 496 2641 omnes
520 2576 655 2640 debeant
669 2577 777 2640 vocari
800 2577 853 2656 qui
877 2591 986 2638 curam
1002 2572 1120 2639 habent
1134 2575 1319 2640 animarum.

167 2715 172 2723 .
264 2663 448 2728 Postulatur
475 2664 571 2744 igitur
593 2668 629 2727 ut
660 2663 789 2728 decreto
822 2664 861 2728 de
883 2661 1009 2745 Synodo
1033 2661 1221 2726 dioecesana
1242 2659 1322 2726 haec

153 2750 331 2816 addantur:
366 2751 403 2815 ln
432 2751 640 2830 dioecesibus,
672 2751 704 2815 in
732 2751 846 2831 quibus
879 2768 955 2815 usus
983 2748 1117 2814 invaluit
1142 2748 1194 2812 vel
1215 2748 1324 2812 induci

155 2843 266 2921 potest
281 2844 317 2903 ut
332 2837 475 2921 Synodus
491 2839 687 2904 Dioecesana
709 2838 879 2919 quotannis
895 2837 1074 2902 celebretur
1097 2837 1138 2901 ab
1153 2835 1324 2917 Episcopo,

152 2926 276 2992 vocatis
301 2923 465 2992 canonicis
495 2926 648 2992 ecelesiae
671 2926 876 3005 cathedralis,
908 2926 1033 2991 decanis
1057 2923 1322 2989 christianitatem

155 3020 190 3078 et
213 3014 479 3096 examinatoribus
502 3014 717 3096 synodalibus,
741 3014 822 3080 haec
844 3013 960 3096 agendi
982 3013 1064 3077 ratio
1088 3015 1238 3077 servetur.

719 3259 757 3322 V.

341 3396 394 3463 De
410 3399 482 3478 pits
504 3398 647 3462 uirorum
671 3418 707 3463 ac
728 3398 943 3479 fbemirtorcm
965 3397 1138 3464 Institutas.

266 3535 397 3600 Praeter
419 3538 611 3602 monasteria
634 3538 744 3602 stricte
769 3536 855 3602 dicta
878 3538 1006 3601 suntin
1029 3535 1139 3617 Belgio
1162 3536 1253 3616 quasi
1274 3537 1321 3600 in-

155 3640 307 3687 numerae
330 3624 401 3704 piae
424 3633 491 3688 turn
507 3624 646 3689 virorum
669 3631 736 3689 tum
759 3622 949 3688 feminarum
971 3621 1110 3687 familiae
1126 3640 1206 3703 quae
1229 3623 1321 3688 bonis

154 3711 306 3791 operibus
328 3717 529 3792 occupantur,
551 3712 710 3777 videlicet:
745 3711 934 3776 educatione
956 3715 989 3774 et
1011 3710 1221 3775 instructione
1242 3729 1320 3792 pue-

152 3797 248 3862 ritiae
271 3803 304 3860 et
327 3798 568 3877 adolescentiae,
599 3811 675 3863 cura
697 3816 821 3876 senum,
851 3816 1024 3877 coecorum,
1055 3798 1229 3875 surdorum,
1252 3816 1320 3860 mu·

152 3894 271 3963 torum,
293 3884 522 3961 insanientium,
553 3886 785 3968 languidorum,
818 3884 1028 3950 morientium.
1078 3884 1147 3948 Hae
1180 3882 1321 3947 familiae

156 3970 313 4052 Episcopo
336 3978 497 4037 annuente
521 3979 554 4037 et
576 3972 701 4038 favente
724 3979 829 4052 natae,
853 3973 923 4054 ejus
940 3971 1076 4037 consiliis
1100 3978 1134 4034 ct
1155 3970 1321 4052 vigilantia

152 4075 235 4142 opus
259 4058 385 4124 habent.
430 4059 607 4140 Episcopus
630 4061 714 4125 enim
737 4078 815 4141 prae
838 4059 984 4124 omnibus
1006 4058 1076 4122 aliis
1099 4059 1187 4121 novit
1209 4074 1320 4121 earum

150 4145 361 4211 necessitates
389 4151 421 4210 et
449 4147 606 4227 pericula,
639 4149 740 4227 iisque
771 4146 921 4211 auxilium
953 4144 1016 4210 fert
1045 4151 1256 4225 opportunum
1287 4151 1321 4208 et

150 4233 328 4315 egregium.
362 4233 456 4298 Tales
480 4235 591 4298 domus
615 4235 739 4299 deditae
756 4235 906 4316 operibus
928 4233 987 4297 zeli
1010 4237 1043 4297 et
1066 4231 1230 4297 charitatis
1246 4236 1321 4296 sunt

150 4320 310 4385 ducentae
344 4320 395 4384 vel
427 4327 590 4386 trecentae
625 4323 656 4386 in
687 4339 885 4402 quacumque
913 4321 1058 4387 Dioecesi
1080 4318 1194 4401 Bclgii,
1229 4336 1320 4400 pros-
