2946 4942
370 1121 404 1202 2.
431 1118 727 1203 dollslll'dlltl
754 1119 1019 1203 ldddllldt
1046 1120 1195 1203 ΡΒΙΙΙΙ

256 1279 375 1345 DE
409 1278 862 1346 Eccmusuu
904 1278 1319 1359 cums'm,

732 1416 832 1460 EDITA

387 1506 426 1560 nl
445 1505 607 1562 coneum
624 1506 803 1561 varmum
822 1505 1181 1575 SESSIONE'QUARTA.

559 1694 698 1792 ems·
714 1694 996 1792 mucosus

443 1835 655 1892 SERVUS
673 1836 982 1893 SERVORUM
999 1836 1110 1900 DEI,

254 1962 349 2010 8ΑοἯο
380 1963 575 2011 ammonariae
605 1963 744 2012 concmlo
776 1963 816 2010 AD
848 1963 1020 2009 Paenuleum
1050 1963 1101 2008 REI
1131 1962 1303 2010 nnuman.

304 2101 417 2168 Pastor
448 2110 596 2167 aeternus
627 2107 660 2167 et
687 2103 853 2184 episcopus
887 2103 1062 2166 animarum
1095 2108 1288 2180 nostrarum,
1321 2107 1360 2165 ut

198 2188 394 2254 salutiferum
416 2188 641 2271 redemptionis
664 2206 742 2270 opus
765 2206 903 2270 perenne
926 2188 1081 2266 redderet,
1104 2195 1247 2254 sanctam
1270 2188 1358 2253 aedi-

199 2274 294 2342 ficare
316 2275 493 2342 Ecclesiam
515 2277 671 2356 decrevit,
703 2276 735 2341 in
758 2294 820 2357 qua
842 2275 941 2340 veluti
970 2277 1003 2340 in
1026 2276 1118 2342 domo
1142 2277 1201 2340 Dei
1222 2276 1360 2340 viventis

199 2361 307 2428 fideles
339 2381 448 2429 omnes
482 2365 574 2429 unius
607 2363 681 2429 tidei
709 2369 742 2429 et
769 2363 934 2428 charitatis
957 2362 1082 2428 vinculo
1111 2364 1358 2436 continerentur.

199 2450 408 2533 Quapropter,
438 2452 621 2533 priusquam
643 2449 881 2529 clarificaretur,
912 2451 1039 2532 rogavit
1061 2450 1187 2515 Patrem
1211 2468 1274 2515 non
1296 2467 1358 2532 pro

199 2538 358 2620 apostolis
372 2544 508 2618 tantum,
532 2540 588 2603 sed
604 2544 637 2602 et
659 2556 717 2620 pro
733 2539 787 2619 eis,
810 2539 864 2620 qui
879 2539 1028 2603 credituri
1043 2542 1136 2602 erant
1149 2556 1207 2619 per
1222 2538 1355 2602 verbum

199 2643 307 2695 eorum
339 2626 372 2690 in
394 2627 509 2707 ipsum,
542 2631 583 2689 ut
599 2643 708 2691 omnes
730 2644 828 2689 unum
852 2631 970 2705 essent,
1004 2625 1177 2708 sicutipse
1200 2624 1299 2688 Filius
1323 2631 1356 2688 et

198 2712 293 2777 Pater
314 2732 413 2778 unum
435 2719 519 2781 sunt.
533 2713 556 2797 1)
591 2712 861 2791 Quemadmodum
875 2713 973 2793 igitur
994 2713 1174 2793 Apostolos,
1199 2729 1278 2793 quos
1291 2711 1354 2777 sibi

199 2799 239 2865 de
262 2799 377 2864 mundo
400 2799 548 2883 elegerat,
579 2800 674 2880 misit,
704 2800 787 2866 sicut
809 2801 877 2882 ipse
898 2801 1014 2865 missus
1036 2804 1105 2865 erat
1127 2819 1147 2863 a
1169 2799 1281 2864 Patre:
1309 2799 1359 2864 ita

197 2887 230 2950 in
245 2885 390 2952 Ecclesia
405 2904 464 2952 sua
478 2887 625 2952 Pastores
641 2892 674 2952 et
689 2886 843 2953 Doctores
865 2905 965 2969 usque
988 2886 1030 2952 ad
1053 2886 1357 2952 consummationem

198 2973 316 3063 saeculi
339 2992 409 3041 esse
424 2974 533 3040 voluit.
568 2973 612 3039 Ut
634 2992 708 3040 vero
724 2973 938 3057 Episcopatus
960 2975 1029 3058 ipse
1043 2992 1124 3038 unus
1147 2980 1180 3039 et
1202 2973 1356 3039 indivisus

199 3066 284 3126 esset
328 3067 361 3128 et
383 3081 440 3143 per
470 3061 672 3128 cohaerentes
700 3061 760 3126 sibi
787 3063 920 3127 invicem
950 3062 1133 3128 sacerdotes
1157 3061 1356 3126 credentium

198 3148 365 3214 multitudo
381 3151 527 3229 universa
542 3150 574 3213 in
590 3147 663 3213 fidei
679 3154 712 3213 et
728 3150 953 3215 communionis
969 3151 1092 3215 unitate
1107 3153 1358 3227 conservaretur,

196 3235 325 3300 beatum
348 3235 476 3301 Petrum
499 3237 640 3301 caeteris·
660 3235 821 3318 Apostolis
843 3253 1039 3318 praeponens
1069 3237 1192 3317 inipso
1215 3235 1356 3325 institnit

197 3330 383 3405 perpetuum
396 3325 561 3405 utriusque
575 3324 706 3388 unitatis
717 3325 904 3406 principium
920 3343 957 3388 ac
971 3323 1094 3388 visibile
1106 3321 1358 3398 tundamentum,

198 3429 292 3492 super
325 3412 413 3493 cujus
439 3409 655 3562 fortitudine?
674 3396 850 3491 aeternum
879 3416 1096 3476 exstrueretur
1122 3409 1289 3490 templum,
1322 3417 1356 3474 et

198 3498 357 3563 Ecclesiae
389 3497 475 3564 coelo
502 3496 665 3563 inserena
694 3497 873 3563 sublimitas
906 3499 937 3562 in
970 3499 1066 3581 hujus
1096 3494 1170 3563 fidei
1203 3495 1360 3560 firmitate

198 3592 408 3666 consurgeret.
420 3586 450 3670 ²)
484 3585 527 3651 Et
543 3586 691 3668 quoniam
705 3593 817 3667 portae
839 3584 931 3650 inferi
953 3586 995 3650 ad
1010 3585 1221 3663 evertendam,
1245 3584 1272 3647 si
1286 3582 1359 3647 fieri

197 3677 312 3753 posset,
342 3671 518 3739 Ecclesiam
549 3678 660 3738 contra
687 3675 756 3755 eJus
779 3672 1016 3738 fundamentum
1045 3671 1194 3737 divinitus
1217 3671 1359 3752 positum

197 3760 308 3842 majori
329 3760 361 3824 in
386 3760 452 3825 dies
475 3760 545 3825 odio
561 3761 699 3842 undique
722 3761 904 3840 insurgunt3
928 3763 990 3824 Nos
1015 3759 1056 3824 ad
1079 3758 1225 3826 catholici
1247 3759 1359 3839 gregis

198 3846 383 3927 custodiam,
414 3847 670 3928 incolumitatem,
701 3851 910 3928 augmentum,
940 3847 1151 3912 necessarium
1181 3863 1249 3910 esse
1268 3844 1359 3926 judi-

198 3952 311 4014 camus,
346 3953 434 4001 sacro
465 3936 660 4017 approbante
684 3933 839 4011 Concilio,
872 3935 1046 4000 doctrinam
1077 3933 1115 3998 de
1145 3933 1356 4009 institutione,

197 4023 416 4104 perpetuitate,
440 4029 614 4090 acuatum
637 4023 718 4089 sacri
734 4021 907 4106 Apostolici
929 4023 1092 4105 primatus,
1115 4021 1148 4085 in
1170 4037 1231 4101 quo
1254 4018 1358 4084 totius

196 4143 406 4156 *οι-*-

306 4214 325 4280 l)
345 4214 384 4266 Cf.
404 4215 481 4267 Joan.
501 4215 587 4267 Xl'll.
609 4217 631 4267 1.
652 4218 694 4268 20.
714 4228 754 4281 sq.

304 4286 326 4347 Ἰ
347 4283 372 4336 S.
391 4283 448 4338 Leo
467 4285 503 4337 Μ.
523 4300 602 4339 serm.
622 4285 667 4336 lv.
687 4283 736 4351 (al.
755 4283 815 4350 lli.)
834 4298 892 4350 cap.
911 4287 935 4336 2.
955 4284 983 4336 iu
1002 4283 1072 4336 diem
1090 4282 1197 4336 Natalis
1218 4281 1269 4338 sui.
