2946 4942
152 340 196 402 98
650 340 818 400 rosteram-r

152 493 257 558 solum
289 493 321 556 iu
343 492 583 574 ludimagistm,
612 493 841 558 verumetiam
866 491 1009 556 inlibris
1034 492 1312 571 elementariam

152 579 310 661 spirituali
333 598 421 660 aura,
444 597 526 661 quae
547 580 581 643 in
604 580 642 643 iis
665 581 763 660 viget,
780 580 811 642 in
829 580 980 644 doctrinis
996 579 1216 661 alloquiisque,
1232 596 1313 661 quae

152 665 306 745 feruntur,
329 668 453 734 nonnisi
475 668 676 749 negationem
698 672 730 731 et
753 666 859 730 odium
882 666 1120 749 irreligionem
1147 670 1181 732 et
1203 665 1312 733 Eccle

153 755 232 820 siam
255 753 451 821 Cathohmm
474 754 639 819 redoleant
661 771 787 819 necesse
810 759 869 819 est.

259 847 287 907 2.
321 841 412 920 Quod
445 859 521 906 vero
554 842 673 907 dictum
699 846 748 905 est
772 841 810 906 de
834 840 949 907 scholis
972 841 1078 906 mixtis
1100 840 1311 918 inferioribus

151 930 184 995 id
220 930 258 993 de
293 929 407 995 scholis
437 930 548 994 mimis
571 928 684 994 mediis
713 928 777 992 sine
808 928 967 1007 ciuilibus,
1005 929 1053 993 uti
1082 933 1312 1010 nuncupantur,

151 1016 265 1100 majori
287 1017 391 1083 adhuc
412 1018 536 1082 ratione
557 1016 653 1093 valet,
675 1016 708 1079 in
731 1015 843 1096 quibus
859 1017 949 1096 pueri
964 1014 1171 1097 provectioris
1187 1016 1311 1095 aetatis,

151 1104 184 1169 in
220 1103 407 1186 disciplinis,
442 1121 524 1184 quae
556 1103 597 1168 ad
620 1109 739 1168 statum
763 1103 887 1168 civilem
910 1106 1076 1183 spectant,
1112 1102 1312 1168 erudiuntur.

151 1190 237 1255 Idem
267 1191 300 1254 in
331 1192 368 1255 iis
402 1210 460 1274 pro
490 1190 657 1270 juventute
679 1190 892 1271 perversionis
915 1189 1104 1271 periculum,
1127 1190 1213 1256 idern
1236 1190 1312 1256 ordo

153 1277 327 1344 dissolutus
364 1284 398 1345 et
430 1279 556 1360 genium
590 1277 776 1360 plerumque
808 1278 946 1358 impium.
1004 1276 1144 1341 Termini
1171 1276 1314 1360 finesque

151 1366 292 1431 locorum
327 1369 361 1430 et
390 1366 651 1430 communitatum
680 1363 866 1445 jamdudum
907 1363 1023 1430 sublati
1060 1362 1164 1442 fuere,
1200 1365 1313 1445 quibus

153 1450 310 1518 Catholici
339 1453 496 1532 quondam
525 1471 545 1516 a
577 1452 831 1518 Protestantibus
863 1451 995 1531 sejuncti
1032 1449 1205 1532 degebant:
1240 1470 1313 1517 nam

153 1539 240 1621 apud
272 1557 331 1615 nos
360 1537 426 1604 iere
459 1540 492 1604 in
520 1539 663 1604 omnihus
686 1539 884 1617 civitatibus,
910 1539 1044 1620 oppidis,
1068 1539 1146 1604 vicis
1174 1544 1208 1604 et
1232 1557 1313 1605 com·

154 1626 363 1691 munitatihus
401 1626 557 1692 Catholici
579 1626 672 1690 minti
701 1645 773 1691 cum
796 1626 996 1692 ricotbolicis
1028 1626 1207 1692 omnimodo
1231 1644 1314 1693 com·

153 1719 317 1778 morantur
348 1719 382 1779 et
409 1715 608 1795 quotidianae
630 1715 716 1778 vitae
739 1714 924 1779 commercio
948 1718 980 1778 et
1003 1713 1245 1779 conversatione
1267 1714 1314 1778 in-

152 1800 254 1865 vicem
285 1800 462 1866 cohaerent.
519 1801 611 1867 Unde
641 1801 824 1882 saepissime
848 1798 904 1864 fiat
921 1805 1071 1882 oportet,
1093 1806 1130 1865 ut
1152 1807 1315 1866 crescente

153 1886 187 1950 in
210 1886 277 1952 dies
300 1905 407 1951 eorum
431 1906 561 1953 numero
595 1887 776 1952 Accibolici
800 1888 1114 1952 communicationem
1137 1888 1174 1951 im
1196 1888 1314 1954 sobolis

154 1992 226 2040 cum
249 1972 416 2040 Catholicis
449 1974 677 2057 impensissime
699 1981 873 2056 quaerant,
904 1978 936 2038 et
963 1972 1116 2040 Catholici
1150 1975 1236 2040 cives
1265 1974 1316 2040 vel

153 2059 265 2128 fraude
287 2061 536 2128 Protestantium
558 2061 608 2126 vel
631 2063 758 2144 propria
780 2063 876 2126 animi
898 2061 1028 2126 levitate
1059 2067 1092 2126 et
1113 2063 1220 2143 pravis
1244 2063 1316 2128 doc·

152 2147 245 2214 trinis
280 2150 438 2214 occaecati
471 2167 697 2231 saepenumero
729 2155 862 2230 pactam
894 2167 963 2214 cum
995 2149 1193 2215 hcatholicis
1207 2150 1316 2215 ineant

155 2236 195 2300 de
225 2236 449 2301 commutanda
482 2236 590 2302 schola
626 2236 787 2317 hucusque
816 2254 894 2317 pure
929 2236 1083 2302 catholica
1116 2237 1150 2300 in
1173 2236 1315 2302 scholam

153 2324 285 2388 mixtam
308 2342 389 2405 quae
411 2323 612 2406 postmodum
636 2325 730 2388 etiam
753 2322 1008 2388 Acatholicorum
1030 2324 1136 2405 pueris
1159 2324 1316 2390 instruen-

155 2410 204 2475 dis
238 2411 370 2476 inservit
398 2417 432 2476 et
465 2411 560 2493 plane
583 2429 685 2492 neque
708 2410 864 2476 catholica
886 2427 987 2491 neque
1011 2412 1107 2476 mixta
1129 2411 1187 2476 sed
1208 2418 1316 2493 prole·

154 2497 291 2563 stantica
314 2503 364 2563 est
386 2497 437 2564 vel
460 2500 562 2579 potius
585 2499 685 2563 omnis
700 2498 863 2580 religionis
878 2498 1033 2578 positivae
1048 2515 1178 2580 prorsus
1195 2515 1315 2580 expers.

153 2586 248 2651 Brevi
270 2603 406 2668 namque
429 2584 502 2650 talis
525 2585 635 2651 schola
657 2586 690 2648 in
712 2586 843 2649 mixtam
866 2589 1059 2650 commutata
1074 2586 1107 2650 iu
1121 2590 1317 2666 potestatem

153 2672 395 2738 moderatricem
417 2673 622 2738 Acatholicae
644 2673 745 2753 partis
767 2673 891 2752 transit,
903 2670 991 2736 velut
1005 2672 1105 2737 tristis
1120 2674 1317 2754 experientia

155 2759 258 2825 docet.
304 2759 395 2825 Unde
428 2758 481 2841 fit,
515 2765 551 2825 ot
585 2760 668 2842 quod
691 2760 826 2843 majores
850 2758 997 2825 catholici
1019 2777 1076 2841 pro
1097 2760 1217 2825 tuenda
1241 2761 1316 2826 edu-

154 2847 278 2912 catione
302 2846 467 2912 Catholica
489 2847 736 2912 adolescentium
758 2847 809 2929 pie
831 2845 1054 2928 fundaverunt,
1071 2845 1128 2911 filii
1142 2847 1316 2930 degeneres

152 2932 297 2998 hostibus
329 2933 501 3016 Religionis
534 2933 662 3000 tradere
690 2951 752 2999 non
775 2935 976 3013 erubescant,
1008 2935 1062 3014 qui
1084 2934 1123 3000 de
1145 2951 1204 2999 sua
1227 2940 1316 3016 parte

153 3037 221 3086 rern
251 3021 383 3101 perfidia
411 3022 564 3088 traditam
598 3023 630 3086 in
665 3022 898 3103 corruptionem
932 3020 1115 3087 Catholicae
1138 3022 1316 3104 Juventutis

155 3115 351 3190 pervertunt.
1151 3136 1160 3147 ·

260 3201 290 3263 3.
326 3196 457 3262 Scholae
481 3196 662 3262 Cathohcae
695 3197 793 3261 etiam
819 3197 1003 3276 superiores
1026 3197 1091 3261 sive
1117 3192 1263 3279 Coilepio
1285 3200 1317 3262 et

157 3281 340 3365 (immmama
373 3285 405 3347 in
428 3283 603 3366 Gymnasia
630 3284 729 3348 mixta
752 3284 869 3365 iniquis
891 3282 1014 3364 legibus
1036 3282 1087 3346 vel
1109 3284 1213 3365 pactis
1237 3301 1316 3349 com·

154 3375 328 3436 mutantur.
381 3372 421 3434 Et
445 3372 661 3437 tristissimum
684 3371 840 3453 ejusmodi
863 3369 1116 3435 commutationis
1139 3370 1316 3452 exemplum

153 3473 192 3522 ex
226 3474 296 3522 mea
328 3457 446 3523 diocesi
468 3457 500 3524 S.
525 3458 667 3523 Gallensi
690 3475 830 3538 expono,
865 3475 927 3539 quo
956 3475 1019 3521 uno
1042 3463 1149 3521 cetera
1172 3457 1317 3539 exempla

154 3545 259 3609 omnia
293 3546 435 3627 dignosci
464 3551 623 3626 poterunt.
678 3544 810 3610 Exstitit
844 3563 901 3624 pro
935 3543 1107 3609 Catholicis
1137 3544 1251 3610 incolis
1283 3545 1316 3609 in

155 3630 186 3696 S.
211 3631 304 3696 Gallo
324 3635 393 3715 jam
416 3633 521 3698 decern
544 3633 659 3697 abhinc
681 3640 756 3697 ante
779 3649 877 3696 annos
900 3630 1077 3712 Collegium
1097 3632 1163 3696 sive
1178 3631 1317 3713 Lyceum

154 3717 339 3784 Catholicae
371 3719 561 3785 fundationis
588 3721 666 3785 satis
690 3719 897 3801 splendidum.
945 3717 1129 3783 Catholicae
1150 3717 1315 3800 Religioni,

154 3807 295 3871 scientiis
330 3812 363 3871 et
396 3808 518 3873 artibus
542 3807 682 3872 dicatum
705 3812 737 3872 et
760 3826 779 3871 a
801 3806 952 3872 trecentis
975 3805 1110 3888 amplius
1133 3805 1317 3872 adolescen-

153 3894 238 3959 tibus
262 3891 432 3959 Catholicis
455 3893 699 3976 frequentatum.
728 3893 813 3976 Opes
837 3898 869 3957 et
891 3893 1004 3957 fundos
1028 3893 1160 3975 hujusce
1184 3892 1317 3975 Collegii

153 3981 311 4063 quondam
341 3981 564 4063 suppeditabat
591 3982 747 4048 ditissima
774 3980 953 4046 haereditas
976 3980 1160 4044 monasterii
1183 3998 1209 4045 s.
1233 3979 1316 4046 Galli

153 4068 267 4149 injuria
289 4070 439 4150 temporis
463 4086 545 4134 anno
571 4075 652 4135 1805
676 4069 814 4134 extincti.
844 4068 1017 4148 Postquam
1039 4065 1176 4148 populus
1199 4065 1316 4133 Catho

153 4154 232 4219 licus
246 4174 311 4220 una
326 4174 397 4221 cum
413 4156 618 4222 celeberrimo
634 4157 693 4222 hoc
708 4156 899 4220 monasterio
911 4154 1050 4220 scholam
1064 4154 1315 4238 eidemjunctam

155 4242 322 4323 amiserat,
354 4245 387 4308 in
421 4245 490 4326 ejus
524 4245 625 4309 locum
648 4262 705 4326 pro
728 4241 901 4308 Catholicis
923 4243 956 4307 in
979 4241 1110 4307 aedibus
1133 4242 1316 4324 amplissimi

155 4326 306 4394 Coenobii
334 4348 450 4396 novom
484 4333 671 4398 subvectum
697 4329 757 4396 iuit
780 4329 968 4412 Collegium,
1001 4330 1184 4413 magnisque
1210 4328 1315 4395 fundis
