<?xml version="1.0" encoding="UTF-8"?>
<!DOCTYPE html PUBLIC "-//W3C//DTD XHTML 1.0 Transitional//EN"
    "http://www.w3.org/TR/xhtml1/DTD/xhtml1-transitional.dtd">
<html xmlns="http://www.w3.org/1999/xhtml" xml:lang="en" lang="en">
 <head>
  <title>
</title>
<meta http-equiv="Content-Type" content="text/html;charset=utf-8" />
  <meta name='ocr-system' content='tesseract 3.04.00' />
  <meta name='ocr-capabilities' content='ocr_page ocr_carea ocr_par ocr_line ocrx_word'/>
</head>
<body>
  <div class='ocr_page' id='page_1' title='image "./omniumconciliiv01martgoog_0218.png"; bbox 0 0 2946 4942; ppageno 0'>
   <div class='ocr_carea' id='block_1_1' title="bbox 613 308 1321 399">
    <p class='ocr_par' dir='ltr' id='par_1_1' title="bbox 613 308 1321 399">
     <span class='ocr_line' id='line_1_1' title="bbox 613 308 1321 399; baseline -0.003 -30"><span class='ocrx_word' id='word_1_1' title='bbox 613 324 652 370; x_wconf 88' lang='lat' dir='ltr'>nr</span> <span class='ocrx_word' id='word_1_2' title='bbox 675 323 854 372; x_wconf 79' lang='lat' dir='ltr'>miserruma.</span> <span class='ocrx_word' id='word_1_3' title='bbox 1260 308 1321 399; x_wconf 80' lang='lat'>213</span> 
     </span>
    </p>
   </div>
   <div class='ocr_carea' id='block_1_2' title="bbox 133 460 1358 4386">
    <p class='ocr_par' dir='ltr' id='par_1_2' title="bbox 133 460 1358 4386">
     <span class='ocr_line' id='line_1_2' title="bbox 159 460 1322 546; baseline -0.003 -17"><span class='ocrx_word' id='word_1_4' title='bbox 159 464 291 546; x_wconf 76' lang='lat' dir='ltr'>gladius</span> <span class='ocrx_word' id='word_1_5' title='bbox 314 466 383 546; x_wconf 90' lang='lat' dir='ltr'>ejus</span> <span class='ocrx_word' id='word_1_6' title='bbox 406 465 595 545; x_wconf 78' lang='lat' dir='ltr'>evaginatur</span> <span class='ocrx_word' id='word_1_7' title='bbox 611 481 672 527; x_wconf 93' lang='lat' dir='ltr'>non</span> <span class='ocrx_word' id='word_1_8' title='bbox 695 468 874 543; x_wconf 77' lang='lat' dir='ltr'>reponetur,</span> <span class='ocrx_word' id='word_1_9' title='bbox 892 462 952 527; x_wconf 88' lang='lat' dir='ltr'>nisi</span> <span class='ocrx_word' id='word_1_10' title='bbox 967 460 1205 527; x_wconf 83' lang='lat' dir='ltr'>Sanctissimum</span> <span class='ocrx_word' id='word_1_11' title='bbox 1221 460 1322 527; x_wconf 85' lang='lat' dir='ltr'>JESU</span> 
     </span>
     <span class='ocr_line' id='line_1_3' title="bbox 161 548 1322 630; baseline -0.003 -16"><span class='ocrx_word' id='word_1_12' title='bbox 161 550 286 616; x_wconf 87' lang='lat' dir='ltr'>Nomen</span> <span class='ocrx_word' id='word_1_13' title='bbox 314 549 445 617; x_wconf 89' lang='lat' dir='ltr'>mirifice</span> <span class='ocrx_word' id='word_1_14' title='bbox 474 549 569 615; x_wconf 87' lang='lat' dir='ltr'>fuerit</span> <span class='ocrx_word' id='word_1_15' title='bbox 599 548 813 615; x_wconf 84' lang='lat' dir='ltr'>clarificatum.</span> <span class='ocrx_word' id='word_1_16' title='bbox 866 549 952 613; x_wconf 91' lang='lat' dir='ltr'>Deus</span> <span class='ocrx_word' id='word_1_17' title='bbox 987 551 1070 614; x_wconf 89' lang='lat' dir='ltr'>euim</span> <span class='ocrx_word' id='word_1_18' title='bbox 1103 549 1268 630; x_wconf 90' lang='lat' dir='ltr'>proposuit</span> <span class='ocrx_word' id='word_1_19' title='bbox 1289 549 1322 612; x_wconf 92' lang='lat' dir='ltr'>in</span> 
     </span>
     <span class='ocr_line' id='line_1_4' title="bbox 157 633 1321 721; baseline -0.002 -17"><span class='ocrx_word' id='word_1_20' title='bbox 157 639 400 721; x_wconf 78' lang='lat' dir='ltr'>dispensatione</span> <span class='ocrx_word' id='word_1_21' title='bbox 416 638 619 720; x_wconf 88' lang='lat' dir='ltr'>plenitudinis</span> <span class='ocrx_word' id='word_1_22' title='bbox 643 643 819 718; x_wconf 89' lang='lat' dir='ltr'>temporum</span> <span class='ocrx_word' id='word_1_23' title='bbox 843 638 946 701; x_wconf 92' lang='lat' dir='ltr'>omnia</span> <span class='ocrx_word' id='word_1_24' title='bbox 968 637 1146 701; x_wconf 89' lang='lat' dir='ltr'>instaurare</span> <span class='ocrx_word' id='word_1_25' title='bbox 1162 637 1195 700; x_wconf 94' lang='lat' dir='ltr'>in</span> <span class='ocrx_word' id='word_1_26' title='bbox 1210 633 1321 702; x_wconf 80' lang='lat' dir='ltr'><strong>JESU.</strong></span> 
     </span>
     <span class='ocr_line' id='line_1_5' title="bbox 156 723 1323 807; baseline -0.003 -17"><span class='ocrx_word' id='word_1_27' title='bbox 156 727 364 807; x_wconf 77' lang='lat' dir='ltr'>Quapropter</span> <span class='ocrx_word' id='word_1_28' title='bbox 386 744 486 806; x_wconf 93' lang='lat' dir='ltr'>nuper</span> <span class='ocrx_word' id='word_1_29' title='bbox 508 725 663 790; x_wconf 86' lang='lat' dir='ltr'>adivimus</span> <span class='ocrx_word' id='word_1_30' title='bbox 690 725 921 790; x_wconf 88' lang='lat' dir='ltr'>sanctissimum</span> <span class='ocrx_word' id='word_1_31' title='bbox 945 724 1244 804; x_wconf 85' lang='lat' dir='ltr'>invictissimumque</span> <span class='ocrx_word' id='word_1_32' title='bbox 1260 723 1323 786; x_wconf 90' lang='lat' dir='ltr'>Do-</span> 
     </span>
     <span class='ocr_line' id='line_1_6' title="bbox 160 812 1322 895; baseline -0.002 -19"><span class='ocrx_word' id='word_1_33' title='bbox 160 812 281 877; x_wconf 91' lang='lat' dir='ltr'>minum</span> <span class='ocrx_word' id='word_1_34' title='bbox 304 812 395 878; x_wconf 92' lang='lat' dir='ltr'>Pium</span> <span class='ocrx_word' id='word_1_35' title='bbox 414 813 534 895; x_wconf 90' lang='lat' dir='ltr'>Papam</span> <span class='ocrx_word' id='word_1_36' title='bbox 557 830 683 892; x_wconf 89' lang='lat' dir='ltr'>nonum,</span> <span class='ocrx_word' id='word_1_37' title='bbox 707 812 760 892; x_wconf 91' lang='lat' dir='ltr'>qui</span> <span class='ocrx_word' id='word_1_38' title='bbox 782 812 865 876; x_wconf 92' lang='lat' dir='ltr'>inter</span> <span class='ocrx_word' id='word_1_39' title='bbox 888 829 995 876; x_wconf 91' lang='lat' dir='ltr'>ornnes</span> <span class='ocrx_word' id='word_1_40' title='bbox 1019 812 1211 876; x_wconf 88' lang='lat' dir='ltr'>clarissimus</span> <span class='ocrx_word' id='word_1_41' title='bbox 1235 814 1322 875; x_wconf 87' lang='lat' dir='ltr'>extat</span> 
     </span>
     <span class='ocr_line' id='line_1_7' title="bbox 160 897 1321 982; baseline 0 -20"><span class='ocrx_word' id='word_1_42' title='bbox 160 917 278 980; x_wconf 90' lang='lat' dir='ltr'>praeco</span> <span class='ocrx_word' id='word_1_43' title='bbox 301 899 473 982; x_wconf 87' lang='lat' dir='ltr'>gloriarum</span> <span class='ocrx_word' id='word_1_44' title='bbox 498 900 687 965; x_wconf 80' lang='lat' dir='ltr'>sanctissimi</span> <span class='ocrx_word' id='word_1_45' title='bbox 709 898 863 980; x_wconf 77' lang='lat' dir='ltr'>Nominis,</span> <span class='ocrx_word' id='word_1_46' title='bbox 889 904 920 965; x_wconf 95' lang='lat' dir='ltr'>et</span> <span class='ocrx_word' id='word_1_47' title='bbox 942 899 1014 979; x_wconf 88' lang='lat' dir='ltr'>lpse</span> <span class='ocrx_word' id='word_1_48' title='bbox 1037 898 1208 964; x_wconf 89' lang='lat' dir='ltr'>clementer</span> <span class='ocrx_word' id='word_1_49' title='bbox 1230 897 1321 962; x_wconf 91' lang='lat' dir='ltr'>nobis</span> 
     </span>
     <span class='ocr_line' id='line_1_8' title="bbox 160 984 1320 1068; baseline -0.001 -18"><span class='ocrx_word' id='word_1_50' title='bbox 160 986 293 1052; x_wconf 88' lang='lat' dir='ltr'>indulsit</span> <span class='ocrx_word' id='word_1_51' title='bbox 315 992 352 1050; x_wconf 90' lang='lat' dir='ltr'>ut</span> <span class='ocrx_word' id='word_1_52' title='bbox 374 987 414 1052; x_wconf 92' lang='lat' dir='ltr'>de</span> <span class='ocrx_word' id='word_1_53' title='bbox 436 1006 517 1052; x_wconf 91' lang='lat' dir='ltr'>nova</span> <span class='ocrx_word' id='word_1_54' title='bbox 544 987 602 1053; x_wconf 91' lang='lat' dir='ltr'>hac</span> <span class='ocrx_word' id='word_1_55' title='bbox 625 985 827 1052; x_wconf 85' lang='lat' dir='ltr'>Praefaticne</span> <span class='ocrx_word' id='word_1_56' title='bbox 858 1005 928 1051; x_wconf 93' lang='lat' dir='ltr'>cum</span> <span class='ocrx_word' id='word_1_57' title='bbox 952 985 1069 1050; x_wconf 87' lang='lat' dir='ltr'>Sancta</span> <span class='ocrx_word' id='word_1_58' title='bbox 1092 984 1217 1068; x_wconf 89' lang='lat' dir='ltr'>Synodo</span> <span class='ocrx_word' id='word_1_59' title='bbox 1246 1003 1320 1065; x_wconf 89' lang='lat' dir='ltr'>aga-</span> 
     </span>
     <span class='ocr_line' id='line_1_9' title="bbox 160 1071 1320 1154; baseline -0.002 -17"><span class='ocrx_word' id='word_1_60' title='bbox 160 1091 242 1140; x_wconf 84' lang='lat' dir='ltr'>mus.</span> <span class='ocrx_word' id='word_1_61' title='bbox 288 1074 432 1154; x_wconf 91' lang='lat' dir='ltr'>Pensate,</span> <span class='ocrx_word' id='word_1_62' title='bbox 457 1073 662 1140; x_wconf 89' lang='lat' dir='ltr'>Venerabiles</span> <span class='ocrx_word' id='word_1_63' title='bbox 686 1073 813 1152; x_wconf 76' lang='lat' dir='ltr'>PatreS,</span> <span class='ocrx_word' id='word_1_64' title='bbox 847 1074 957 1154; x_wconf 88' lang='lat' dir='ltr'>quanti</span> <span class='ocrx_word' id='word_1_65' title='bbox 991 1072 1107 1138; x_wconf 90' lang='lat' dir='ltr'>referat</span> <span class='ocrx_word' id='word_1_66' title='bbox 1135 1071 1320 1137; x_wconf 88' lang='lat' dir='ltr'>admirabile</span> 
     </span>
     <span class='ocr_line' id='line_1_10' title="bbox 133 1159 1319 1242; baseline -0.003 -15"><span class='ocrx_word' id='word_1_67' title='bbox 133 1222 137 1227; x_wconf 91' lang='lat'>.</span> <span class='ocrx_word' id='word_1_68' title='bbox 161 1160 284 1226; x_wconf 91' lang='lat' dir='ltr'>Nomen</span> <span class='ocrx_word' id='word_1_69' title='bbox 307 1162 397 1226; x_wconf 89' lang='lat' dir='ltr'>novis</span> <span class='ocrx_word' id='word_1_70' title='bbox 420 1162 595 1242; x_wconf 82' lang='lat' dir='ltr'>praeconiis</span> <span class='ocrx_word' id='word_1_71' title='bbox 611 1162 762 1241; x_wconf 90' lang='lat' dir='ltr'>novisque</span> <span class='ocrx_word' id='word_1_72' title='bbox 777 1160 924 1227; x_wconf 88' lang='lat' dir='ltr'>laudibus</span> <span class='ocrx_word' id='word_1_73' title='bbox 941 1160 1109 1227; x_wconf 87' lang='lat' dir='ltr'>celebrare.</span> <span class='ocrx_word' id='word_1_74' title='bbox 1146 1159 1319 1241; x_wconf 87' lang='lat' dir='ltr'>Impietatis</span> 
     </span>
     <span class='ocr_line' id='line_1_11' title="bbox 156 1245 1319 1329; baseline 0.002 -19"><span class='ocrx_word' id='word_1_75' title='bbox 156 1245 276 1313; x_wconf 86' lang='lat' dir='ltr'>fluctus</span> <span class='ocrx_word' id='word_1_76' title='bbox 299 1253 458 1314; x_wconf 83' lang='lat' dir='ltr'>tumentes</span> <span class='ocrx_word' id='word_1_77' title='bbox 482 1250 606 1314; x_wconf 91' lang='lat' dir='ltr'>omnino</span> <span class='ocrx_word' id='word_1_78' title='bbox 630 1256 786 1314; x_wconf 91' lang='lat' dir='ltr'>conantur</span> <span class='ocrx_word' id='word_1_79' title='bbox 809 1248 960 1329; x_wconf 89' lang='lat' dir='ltr'>sacrilego</span> <span class='ocrx_word' id='word_1_80' title='bbox 984 1267 1063 1312; x_wconf 92' lang='lat' dir='ltr'>ausu</span> <span class='ocrx_word' id='word_1_81' title='bbox 1078 1248 1136 1312; x_wconf 93' lang='lat' dir='ltr'>hoc</span> <span class='ocrx_word' id='word_1_82' title='bbox 1152 1247 1319 1329; x_wconf 90' lang='lat' dir='ltr'>Augustis·</span> 
     </span>
     <span class='ocr_line' id='line_1_12' title="bbox 158 1334 1319 1414; baseline 0.002 -17"><span class='ocrx_word' id='word_1_83' title='bbox 158 1336 275 1400; x_wconf 91' lang='lat' dir='ltr'>simum</span> <span class='ocrx_word' id='word_1_84' title='bbox 296 1335 418 1401; x_wconf 90' lang='lat' dir='ltr'>Nomen</span> <span class='ocrx_word' id='word_1_85' title='bbox 442 1336 554 1400; x_wconf 88' lang='lat' dir='ltr'>delere.</span> <span class='ocrx_word' id='word_1_86' title='bbox 601 1336 692 1414; x_wconf 81' lang='lat' dir='ltr'>Quod</span> <span class='ocrx_word' id='word_1_87' title='bbox 715 1337 865 1400; x_wconf 89' lang='lat' dir='ltr'>indicitur</span> <span class='ocrx_word' id='word_1_88' title='bbox 887 1334 1042 1400; x_wconf 87' lang='lat' dir='ltr'>nefarium</span> <span class='ocrx_word' id='word_1_89' title='bbox 1070 1334 1187 1401; x_wconf 87' lang='lat' dir='ltr'>bellum</span> <span class='ocrx_word' id='word_1_90' title='bbox 1211 1334 1319 1401; x_wconf 84' lang='lat' dir='ltr'>Eccle-</span> 
     </span>
     <span class='ocr_line' id='line_1_13' title="bbox 158 1422 1317 1504; baseline -0.003 -18"><span class='ocrx_word' id='word_1_91' title='bbox 158 1425 241 1503; x_wconf 88' lang='lat' dir='ltr'>siae,</span> <span class='ocrx_word' id='word_1_92' title='bbox 274 1423 414 1504; x_wconf 83' lang='lat' dir='ltr'>dogmati</span> <span class='ocrx_word' id='word_1_93' title='bbox 436 1422 620 1489; x_wconf 88' lang='lat' dir='ltr'>Sacerdotio</span> <span class='ocrx_word' id='word_1_94' title='bbox 651 1428 746 1503; x_wconf 86' lang='lat' dir='ltr'>atque</span> <span class='ocrx_word' id='word_1_95' title='bbox 768 1424 863 1488; x_wconf 91' lang='lat' dir='ltr'>Petro</span> <span class='ocrx_word' id='word_1_96' title='bbox 895 1429 1025 1488; x_wconf 90' lang='lat' dir='ltr'>conatus</span> <span class='ocrx_word' id='word_1_97' title='bbox 1057 1422 1229 1503; x_wconf 90' lang='lat' dir='ltr'>impietatis</span> <span class='ocrx_word' id='word_1_98' title='bbox 1260 1425 1317 1499; x_wconf 90' lang='lat' dir='ltr'>est,</span> 
     </span>
     <span class='ocr_line' id='line_1_14' title="bbox 155 1509 1318 1593; baseline -0.002 -18"><span class='ocrx_word' id='word_1_99' title='bbox 155 1527 251 1591; x_wconf 88' lang='lat' dir='ltr'>quae,</span> <span class='ocrx_word' id='word_1_100' title='bbox 275 1516 402 1591; x_wconf 90' lang='lat' dir='ltr'>arrepto</span> <span class='ocrx_word' id='word_1_101' title='bbox 426 1510 532 1592; x_wconf 91' lang='lat' dir='ltr'>gladio</span> <span class='ocrx_word' id='word_1_102' title='bbox 556 1511 656 1592; x_wconf 87' lang='lat' dir='ltr'>cupit,</span> <span class='ocrx_word' id='word_1_103' title='bbox 692 1511 825 1576; x_wconf 89' lang='lat' dir='ltr'>sublatis</span> <span class='ocrx_word' id='word_1_104' title='bbox 848 1511 1019 1593; x_wconf 86' lang='lat' dir='ltr'>Religionis</span> <span class='ocrx_word' id='word_1_105' title='bbox 1050 1509 1253 1590; x_wconf 84' lang='lat' dir='ltr'>exercitibus,</span> <span class='ocrx_word' id='word_1_106' title='bbox 1278 1509 1318 1574; x_wconf 90' lang='lat' dir='ltr'>ad</span> 
     </span>
     <span class='ocr_line' id='line_1_15' title="bbox 157 1596 1319 1679; baseline 0 -19"><span class='ocrx_word' id='word_1_107' title='bbox 157 1597 263 1678; x_wconf 87' lang='lat' dir='ltr'>ipsam</span> <span class='ocrx_word' id='word_1_108' title='bbox 286 1597 452 1663; x_wconf 87' lang='lat' dir='ltr'>delendam</span> <span class='ocrx_word' id='word_1_109' title='bbox 476 1617 577 1662; x_wconf 88' lang='lat' dir='ltr'>ruere.</span> <span class='ocrx_word' id='word_1_110' title='bbox 610 1597 653 1662; x_wconf 81' lang='lat' dir='ltr'>At</span> <span class='ocrx_word' id='word_1_111' title='bbox 668 1597 723 1662; x_wconf 91' lang='lat' dir='ltr'>illa</span> <span class='ocrx_word' id='word_1_112' title='bbox 738 1616 834 1679; x_wconf 88' lang='lat' dir='ltr'>supra</span> <span class='ocrx_word' id='word_1_113' title='bbox 854 1597 947 1664; x_wconf 91' lang='lat' dir='ltr'>fidem</span> <span class='ocrx_word' id='word_1_114' title='bbox 971 1598 1084 1679; x_wconf 88' lang='lat' dir='ltr'>innixa,</span> <span class='ocrx_word' id='word_1_115' title='bbox 1107 1599 1140 1661; x_wconf 92' lang='lat' dir='ltr'>in</span> <span class='ocrx_word' id='word_1_116' title='bbox 1165 1596 1319 1662; x_wconf 88' lang='lat' dir='ltr'>charitate</span> 
     </span>
     <span class='ocr_line' id='line_1_16' title="bbox 158 1683 1358 1763; baseline -0.001 -16"><span class='ocrx_word' id='word_1_117' title='bbox 158 1685 277 1763; x_wconf 82' lang='lat' dir='ltr'>vivens,</span> <span class='ocrx_word' id='word_1_118' title='bbox 310 1686 508 1750; x_wconf 90' lang='lat' dir='ltr'>sanctissimo</span> <span class='ocrx_word' id='word_1_119' title='bbox 531 1685 664 1750; x_wconf 90' lang='lat' dir='ltr'>Nomine</span> <span class='ocrx_word' id='word_1_120' title='bbox 688 1684 791 1751; x_wconf 82' lang='lat' dir='ltr'>JESU</span> <span class='ocrx_word' id='word_1_121' title='bbox 824 1685 1010 1750; x_wconf 88' lang='lat' dir='ltr'>honestatur</span> <span class='ocrx_word' id='word_1_122' title='bbox 1044 1686 1075 1748; x_wconf 92' lang='lat' dir='ltr'>in</span> <span class='ocrx_word' id='word_1_123' title='bbox 1107 1684 1221 1749; x_wconf 86' lang='lat' dir='ltr'>fronte.</span> <span class='ocrx_word' id='word_1_124' title='bbox 1268 1683 1317 1750; x_wconf 84' lang='lat' dir='ltr'>Oh</span> <span class='ocrx_word' id='word_1_125' title='bbox 1356 1753 1358 1757; x_wconf 59' lang='grc'>,</span> 
     </span>
     <span class='ocr_line' id='line_1_17' title="bbox 153 1771 1317 1853; baseline 0 -18"><span class='ocrx_word' id='word_1_126' title='bbox 153 1771 283 1836; x_wconf 89' lang='lat' dir='ltr'>saecule</span> <span class='ocrx_word' id='word_1_127' title='bbox 305 1790 440 1853; x_wconf 90' lang='lat' dir='ltr'>nequam</span> <span class='ocrx_word' id='word_1_128' title='bbox 464 1773 613 1853; x_wconf 89' lang='lat' dir='ltr'>quamdiu</span> <span class='ocrx_word' id='word_1_129' title='bbox 636 1771 706 1836; x_wconf 89' lang='lat' dir='ltr'>finis</span> <span class='ocrx_word' id='word_1_130' title='bbox 730 1772 934 1853; x_wconf 88' lang='lat' dir='ltr'>turpitudinis</span> <span class='ocrx_word' id='word_1_131' title='bbox 957 1773 1053 1838; x_wconf 76' lang='lat' dir='ltr'>tuae?</span> <span class='ocrx_word' id='word_1_132' title='bbox 1099 1771 1159 1852; x_wconf 77' lang='lat' dir='ltr'>EJa</span> <span class='ocrx_word' id='word_1_133' title='bbox 1178 1772 1317 1837; x_wconf 90' lang='lat' dir='ltr'>Venera-</span> 
     </span>
     <span class='ocr_line' id='line_1_18' title="bbox 157 1857 1317 1941; baseline 0.001 -19"><span class='ocrx_word' id='word_1_134' title='bbox 157 1857 239 1924; x_wconf 90' lang='lat' dir='ltr'>biles</span> <span class='ocrx_word' id='word_1_135' title='bbox 262 1859 386 1940; x_wconf 89' lang='lat' dir='ltr'>Patres,</span> <span class='ocrx_word' id='word_1_136' title='bbox 421 1861 454 1924; x_wconf 92' lang='lat' dir='ltr'>iu</span> <span class='ocrx_word' id='word_1_137' title='bbox 477 1859 610 1924; x_wconf 90' lang='lat' dir='ltr'>Nomine</span> <span class='ocrx_word' id='word_1_138' title='bbox 639 1859 740 1926; x_wconf 76' lang='lat' dir='ltr'>JESU</span> <span class='ocrx_word' id='word_1_139' title='bbox 770 1877 828 1925; x_wconf 86' lang='lat' dir='ltr'>uos</span> <span class='ocrx_word' id='word_1_140' title='bbox 858 1861 909 1926; x_wconf 92' lang='lat' dir='ltr'>hic</span> <span class='ocrx_word' id='word_1_141' title='bbox 934 1861 1124 1941; x_wconf 85' lang='lat' dir='ltr'>congregati,</span> <span class='ocrx_word' id='word_1_142' title='bbox 1161 1860 1194 1922; x_wconf 93' lang='lat' dir='ltr'>iu</span> <span class='ocrx_word' id='word_1_143' title='bbox 1216 1859 1317 1924; x_wconf 91' lang='lat' dir='ltr'>sacris</span> 
     </span>
     <span class='ocr_line' id='line_1_19' title="bbox 153 1945 1317 2029; baseline 0 -20"><span class='ocrx_word' id='word_1_144' title='bbox 153 1945 256 2010; x_wconf 90' lang='lat' dir='ltr'>etiam</span> <span class='ocrx_word' id='word_1_145' title='bbox 272 1946 421 2029; x_wconf 81' lang='lat' dir='ltr'>liturgiis</span> <span class='ocrx_word' id='word_1_146' title='bbox 444 1948 504 2013; x_wconf 92' lang='lat' dir='ltr'>hoc</span> <span class='ocrx_word' id='word_1_147' title='bbox 520 1949 752 2013; x_wconf 89' lang='lat' dir='ltr'>sanctissimum</span> <span class='ocrx_word' id='word_1_148' title='bbox 769 1947 889 2013; x_wconf 90' lang='lat' dir='ltr'>Nomen</span> <span class='ocrx_word' id='word_1_149' title='bbox 905 1949 1098 2023; x_wconf 81' lang='lat' dir='ltr'>invocemus3</span> <span class='ocrx_word' id='word_1_150' title='bbox 1123 1946 1317 2028; x_wconf 80' lang='lat' dir='ltr'>adprobatur</span> 
     </span>
     <span class='ocr_line' id='line_1_20' title="bbox 154 2032 1316 2116; baseline 0.003 -21"><span class='ocrx_word' id='word_1_151' title='bbox 154 2032 237 2098; x_wconf 88' lang='lat' dir='ltr'>haec</span> <span class='ocrx_word' id='word_1_152' title='bbox 259 2052 340 2098; x_wconf 90' lang='lat' dir='ltr'>nova</span> <span class='ocrx_word' id='word_1_153' title='bbox 354 2033 527 2114; x_wconf 87' lang='lat' dir='ltr'>Praelatio,</span> <span class='ocrx_word' id='word_1_154' title='bbox 552 2041 588 2099; x_wconf 88' lang='lat' dir='ltr'>ut</span> <span class='ocrx_word' id='word_1_155' title='bbox 611 2035 727 2116; x_wconf 91' lang='lat' dir='ltr'>ubique</span> <span class='ocrx_word' id='word_1_156' title='bbox 751 2041 907 2100; x_wconf 90' lang='lat' dir='ltr'>terrarum</span> <span class='ocrx_word' id='word_1_157' title='bbox 933 2041 966 2101; x_wconf 92' lang='lat' dir='ltr'>et</span> <span class='ocrx_word' id='word_1_158' title='bbox 988 2055 1008 2100; x_wconf 92' lang='lat' dir='ltr'>a</span> <span class='ocrx_word' id='word_1_159' title='bbox 1030 2035 1106 2098; x_wconf 89' lang='lat' dir='ltr'>solis</span> <span class='ocrx_word' id='word_1_160' title='bbox 1129 2041 1200 2098; x_wconf 90' lang='lat' dir='ltr'>ortu</span> <span class='ocrx_word' id='word_1_161' title='bbox 1217 2051 1316 2114; x_wconf 89' lang='lat' dir='ltr'>usque</span> 
     </span>
     <span class='ocr_line' id='line_1_21' title="bbox 155 2120 1315 2201; baseline 0.001 -18"><span class='ocrx_word' id='word_1_162' title='bbox 155 2120 199 2183; x_wconf 89' lang='lat' dir='ltr'>ad</span> <span class='ocrx_word' id='word_1_163' title='bbox 222 2139 368 2186; x_wconf 90' lang='lat' dir='ltr'>occasum</span> <span class='ocrx_word' id='word_1_164' title='bbox 383 2121 487 2188; x_wconf 80' lang='lat' dir='ltr'>Jasu</span> <span class='ocrx_word' id='word_1_165' title='bbox 510 2122 722 2188; x_wconf 91' lang='lat' dir='ltr'>dulcissimum</span> <span class='ocrx_word' id='word_1_166' title='bbox 744 2143 782 2187; x_wconf 91' lang='lat' dir='ltr'>ac</span> <span class='ocrx_word' id='word_1_167' title='bbox 805 2123 1023 2187; x_wconf 84' lang='lat' dir='ltr'>suavissimum</span> <span class='ocrx_word' id='word_1_168' title='bbox 1040 2122 1159 2186; x_wconf 91' lang='lat' dir='ltr'>Nomen</span> <span class='ocrx_word' id='word_1_169' title='bbox 1179 2126 1315 2201; x_wconf 89' lang='lat' dir='ltr'>resonet,</span> 
     </span>
     <span class='ocr_line' id='line_1_22' title="bbox 156 2206 1316 2292; baseline 0.001 -21"><span class='ocrx_word' id='word_1_170' title='bbox 156 2215 190 2271; x_wconf 90' lang='lat' dir='ltr'>et</span> <span class='ocrx_word' id='word_1_171' title='bbox 213 2206 335 2273; x_wconf 90' lang='lat' dir='ltr'>Nomen</span> <span class='ocrx_word' id='word_1_172' title='bbox 357 2209 468 2289; x_wconf 86' lang='lat' dir='ltr'>JESU,</span> <span class='ocrx_word' id='word_1_173' title='bbox 493 2210 576 2290; x_wconf 91' lang='lat' dir='ltr'>quod</span> <span class='ocrx_word' id='word_1_174' title='bbox 600 2211 705 2274; x_wconf 89' lang='lat' dir='ltr'>omnia</span> <span class='ocrx_word' id='word_1_175' title='bbox 729 2211 876 2292; x_wconf 88' lang='lat' dir='ltr'>dogmata</span> <span class='ocrx_word' id='word_1_176' title='bbox 903 2211 936 2274; x_wconf 95' lang='lat' dir='ltr'>in</span> <span class='ocrx_word' id='word_1_177' title='bbox 959 2229 993 2275; x_wconf 91' lang='lat' dir='ltr'>se</span> <span class='ocrx_word' id='word_1_178' title='bbox 1019 2215 1183 2289; x_wconf 88' lang='lat' dir='ltr'>totamque</span> <span class='ocrx_word' id='word_1_179' title='bbox 1211 2209 1316 2274; x_wconf 83' lang='lat' dir='ltr'>catho-</span> 
     </span>
     <span class='ocr_line' id='line_1_23' title="bbox 154 2293 1315 2378; baseline 0.002 -21"><span class='ocrx_word' id='word_1_180' title='bbox 154 2293 250 2360; x_wconf 90' lang='lat' dir='ltr'>licam</span> <span class='ocrx_word' id='word_1_181' title='bbox 273 2293 366 2360; x_wconf 92' lang='lat' dir='ltr'>fidem</span> <span class='ocrx_word' id='word_1_182' title='bbox 391 2297 612 2378; x_wconf 89' lang='lat' dir='ltr'>complectitur</span> <span class='ocrx_word' id='word_1_183' title='bbox 634 2300 695 2363; x_wconf 93' lang='lat' dir='ltr'>erit</span> <span class='ocrx_word' id='word_1_184' title='bbox 717 2299 801 2362; x_wconf 88' lang='lat' dir='ltr'>inter</span> <span class='ocrx_word' id='word_1_185' title='bbox 817 2298 983 2361; x_wconf 89' lang='lat' dir='ltr'>missarum</span> <span class='ocrx_word' id='word_1_186' title='bbox 999 2297 1152 2362; x_wconf 90' lang='lat' dir='ltr'>solemnia</span> <span class='ocrx_word' id='word_1_187' title='bbox 1166 2296 1315 2361; x_wconf 88' lang='lat' dir='ltr'>solemnis</span> 
     </span>
     <span class='ocr_line' id='line_1_24' title="bbox 153 2382 1316 2465; baseline 0.002 -19"><span class='ocrx_word' id='word_1_188' title='bbox 153 2382 255 2446; x_wconf 88' lang='lat' dir='ltr'>totius</span> <span class='ocrx_word' id='word_1_189' title='bbox 277 2382 444 2465; x_wconf 84' lang='lat' dir='ltr'>Evangelii</span> <span class='ocrx_word' id='word_1_190' title='bbox 465 2383 628 2465; x_wconf 85' lang='lat' dir='ltr'>professio.</span> <span class='ocrx_word' id='word_1_191' title='bbox 673 2385 792 2450; x_wconf 91' lang='lat' dir='ltr'>Idcirco</span> <span class='ocrx_word' id='word_1_192' title='bbox 815 2404 895 2449; x_wconf 92' lang='lat' dir='ltr'>novo</span> <span class='ocrx_word' id='word_1_193' title='bbox 918 2384 1035 2449; x_wconf 91' lang='lat' dir='ltr'>lumine</span> <span class='ocrx_word' id='word_1_194' title='bbox 1058 2383 1181 2465; x_wconf 88' lang='lat' dir='ltr'>Religio</span> <span class='ocrx_word' id='word_1_195' title='bbox 1206 2389 1316 2448; x_wconf 91' lang='lat' dir='ltr'>nostra</span> 
     </span>
     <span class='ocr_line' id='line_1_25' title="bbox 155 2469 1316 2554; baseline 0.003 -22"><span class='ocrx_word' id='word_1_196' title='bbox 155 2469 305 2550; x_wconf 87' lang='lat' dir='ltr'>radiabit,</span> <span class='ocrx_word' id='word_1_197' title='bbox 330 2471 458 2536; x_wconf 86' lang='lat' dir='ltr'>claritas</span> <span class='ocrx_word' id='word_1_198' title='bbox 482 2473 565 2536; x_wconf 92' lang='lat' dir='ltr'>enim</span> <span class='ocrx_word' id='word_1_199' title='bbox 587 2472 681 2554; x_wconf 91' lang='lat' dir='ltr'>hujus</span> <span class='ocrx_word' id='word_1_200' title='bbox 705 2473 894 2537; x_wconf 84' lang='lat' dir='ltr'>sanctissimi</span> <span class='ocrx_word' id='word_1_201' title='bbox 910 2472 1043 2536; x_wconf 92' lang='lat' dir='ltr'>nominis</span> <span class='ocrx_word' id='word_1_202' title='bbox 1067 2469 1316 2552; x_wconf 82' lang='lat' dir='ltr'>circumfulgebit</span> 
     </span>
     <span class='ocr_line' id='line_1_26' title="bbox 152 2557 1315 2640; baseline 0.003 -21"><span class='ocrx_word' id='word_1_203' title='bbox 152 2575 244 2634; x_wconf 81' lang='lat' dir='ltr'>eam3</span> <span class='ocrx_word' id='word_1_204' title='bbox 279 2558 425 2638; x_wconf 90' lang='lat' dir='ltr'>impietas</span> <span class='ocrx_word' id='word_1_205' title='bbox 456 2559 574 2624; x_wconf 89' lang='lat' dir='ltr'>videbit</span> <span class='ocrx_word' id='word_1_206' title='bbox 603 2565 635 2624; x_wconf 90' lang='lat' dir='ltr'>et</span> <span class='ocrx_word' id='word_1_207' title='bbox 663 2561 834 2640; x_wconf 88' lang='lat' dir='ltr'>irascetur,</span> <span class='ocrx_word' id='word_1_208' title='bbox 868 2559 1013 2625; x_wconf 89' lang='lat' dir='ltr'>dentibus</span> <span class='ocrx_word' id='word_1_209' title='bbox 1048 2559 1112 2622; x_wconf 91' lang='lat' dir='ltr'>suis</span> <span class='ocrx_word' id='word_1_210' title='bbox 1148 2557 1260 2622; x_wconf 85' lang='lat' dir='ltr'>fremet</span> <span class='ocrx_word' id='word_1_211' title='bbox 1283 2563 1315 2622; x_wconf 92' lang='lat' dir='ltr'>et</span> 
     </span>
     <span class='ocr_line' id='line_1_27' title="bbox 152 2644 1319 2731; baseline 0 -23"><span class='ocrx_word' id='word_1_212' title='bbox 152 2644 308 2723; x_wconf 88' lang='lat' dir='ltr'>tabescet,</span> <span class='ocrx_word' id='word_1_213' title='bbox 333 2646 522 2711; x_wconf 89' lang='lat' dir='ltr'>desiderium</span> <span class='ocrx_word' id='word_1_214' title='bbox 545 2651 746 2728; x_wconf 89' lang='lat' dir='ltr'>peccatorum</span> <span class='ocrx_word' id='word_1_215' title='bbox 769 2647 891 2728; x_wconf 88' lang='lat' dir='ltr'>peribit,</span> <span class='ocrx_word' id='word_1_216' title='bbox 915 2653 947 2711; x_wconf 94' lang='lat' dir='ltr'>et</span> <span class='ocrx_word' id='word_1_217' title='bbox 962 2648 994 2710; x_wconf 95' lang='lat' dir='ltr'>in</span> <span class='ocrx_word' id='word_1_218' title='bbox 1009 2646 1159 2710; x_wconf 87' lang='lat' dir='ltr'>memoria</span> <span class='ocrx_word' id='word_1_219' title='bbox 1182 2653 1319 2731; x_wconf 85' lang='lat' dir='ltr'>aeterna</span> 
     </span>
     <span class='ocr_line' id='line_1_28' title="bbox 152 2730 1312 2816; baseline 0.003 -22"><span class='ocrx_word' id='word_1_220' title='bbox 152 2730 215 2795; x_wconf 88' lang='lat' dir='ltr'>erit</span> <span class='ocrx_word' id='word_1_221' title='bbox 240 2732 392 2798; x_wconf 87' lang='lat' dir='ltr'>Vaticana</span> <span class='ocrx_word' id='word_1_222' title='bbox 414 2732 558 2816; x_wconf 85' lang='lat' dir='ltr'>Synodus</span> <span class='ocrx_word' id='word_1_223' title='bbox 588 2734 736 2800; x_wconf 85' lang='lat' dir='ltr'>decorata</span> <span class='ocrx_word' id='word_1_224' title='bbox 770 2733 902 2799; x_wconf 89' lang='lat' dir='ltr'>Nomine</span> <span class='ocrx_word' id='word_1_225' title='bbox 928 2733 1029 2800; x_wconf 84' lang='lat' dir='ltr'>JESU</span> <span class='ocrx_word' id='word_1_226' title='bbox 1060 2734 1160 2798; x_wconf 91' lang='lat' dir='ltr'>donec</span> <span class='ocrx_word' id='word_1_227' title='bbox 1195 2731 1312 2798; x_wconf 92' lang='lat' dir='ltr'>oblatio</span> 
     </span>
     <span class='ocr_line' id='line_1_29' title="bbox 154 2819 1313 2903; baseline 0.002 -21"><span class='ocrx_word' id='word_1_228' title='bbox 154 2819 397 2884; x_wconf 80' lang='lat' dir='ltr'>mandatotum</span> <span class='ocrx_word' id='word_1_229' title='bbox 421 2839 477 2903; x_wconf 90' lang='lat' dir='ltr'>per</span> <span class='ocrx_word' id='word_1_230' title='bbox 499 2827 658 2887; x_wconf 89' lang='lat' dir='ltr'>terrarum</span> <span class='ocrx_word' id='word_1_231' title='bbox 681 2821 788 2885; x_wconf 90' lang='lat' dir='ltr'>orbem</span> <span class='ocrx_word' id='word_1_232' title='bbox 812 2819 967 2887; x_wconf 90' lang='lat' dir='ltr'>adfinem</span> <span class='ocrx_word' id='word_1_233' title='bbox 991 2839 1090 2902; x_wconf 91' lang='lat' dir='ltr'>usque</span> <span class='ocrx_word' id='word_1_234' title='bbox 1117 2821 1313 2886; x_wconf 90' lang='lat' dir='ltr'>saeculorum</span> 
     </span>
     <span class='ocr_line' id='line_1_30' title="bbox 154 2904 1311 2991; baseline 0.003 -23"><span class='ocrx_word' id='word_1_235' title='bbox 154 2904 251 2970; x_wconf 85' lang='lat' dir='ltr'>fuerit</span> <span class='ocrx_word' id='word_1_236' title='bbox 273 2907 412 2972; x_wconf 73' lang='lat' dir='ltr'>oblata</span> <span class='ocrx_word' id='word_1_237' title='bbox 435 2908 551 2989; x_wconf 82' lang='lat' dir='ltr'>Etiam,</span> <span class='ocrx_word' id='word_1_238' title='bbox 576 2911 673 2973; x_wconf 89' lang='lat' dir='ltr'>etiam</span> <span class='ocrx_word' id='word_1_239' title='bbox 697 2911 753 2975; x_wconf 91' lang='lat' dir='ltr'>sic.</span> <span class='ocrx_word' id='word_1_240' title='bbox 799 2909 916 2975; x_wconf 90' lang='lat' dir='ltr'>Veniat</span> <span class='ocrx_word' id='word_1_241' title='bbox 939 2928 1014 2991; x_wconf 89' lang='lat' dir='ltr'>ergo</span> <span class='ocrx_word' id='word_1_242' title='bbox 1038 2911 1071 2972; x_wconf 95' lang='lat' dir='ltr'>in</span> <span class='ocrx_word' id='word_1_243' title='bbox 1093 2927 1146 2972; x_wconf 90' lang='lat' dir='ltr'>cor</span> <span class='ocrx_word' id='word_1_244' title='bbox 1169 2914 1311 2974; x_wconf 87' lang='lat' dir='ltr'>nostrum</span> 
     </span>
     <span class='ocr_line' id='line_1_31' title="bbox 154 2992 1312 3077; baseline 0.003 -21"><span class='ocrx_word' id='word_1_245' title='bbox 154 2992 266 3073; x_wconf 82' lang='lat' dir='ltr'>JESU,</span> <span class='ocrx_word' id='word_1_246' title='bbox 290 2996 335 3059; x_wconf 91' lang='lat' dir='ltr'>sic</span> <span class='ocrx_word' id='word_1_247' title='bbox 357 2996 484 3060; x_wconf 89' lang='lat' dir='ltr'>tandem</span> <span class='ocrx_word' id='word_1_248' title='bbox 507 3015 563 3061; x_wconf 91' lang='lat' dir='ltr'>vos</span> <span class='ocrx_word' id='word_1_249' title='bbox 593 2996 737 3077; x_wconf 88' lang='lat' dir='ltr'>alloquor</span> <span class='ocrx_word' id='word_1_250' title='bbox 760 3015 830 3060; x_wconf 91' lang='lat' dir='ltr'>cum</span> <span class='ocrx_word' id='word_1_251' title='bbox 854 2997 925 3061; x_wconf 93' lang='lat' dir='ltr'>divo</span> <span class='ocrx_word' id='word_1_252' title='bbox 948 2996 1123 3075; x_wconf 88' lang='lat' dir='ltr'>Bemardo,</span> <span class='ocrx_word' id='word_1_253' title='bbox 1152 2999 1258 3060; x_wconf 90' lang='lat' dir='ltr'>veniat</span> <span class='ocrx_word' id='word_1_254' title='bbox 1280 2998 1312 3060; x_wconf 94' lang='lat' dir='ltr'>in</span> 
     </span>
     <span class='ocr_line' id='line_1_32' title="bbox 153 3082 1311 3164; baseline 0.001 -20"><span class='ocrx_word' id='word_1_255' title='bbox 153 3098 208 3145; x_wconf 91' lang='lat' dir='ltr'>cor</span> <span class='ocrx_word' id='word_1_256' title='bbox 230 3088 373 3147; x_wconf 89' lang='lat' dir='ltr'>nostrum</span> <span class='ocrx_word' id='word_1_257' title='bbox 396 3082 530 3164; x_wconf 84' lang='lat' dir='ltr'>JESUS,</span> <span class='ocrx_word' id='word_1_258' title='bbox 556 3089 587 3148; x_wconf 93' lang='lat' dir='ltr'>et</span> <span class='ocrx_word' id='word_1_259' title='bbox 610 3085 682 3150; x_wconf 90' lang='lat' dir='ltr'>inde</span> <span class='ocrx_word' id='word_1_260' title='bbox 705 3084 800 3149; x_wconf 91' lang='lat' dir='ltr'>saliat</span> <span class='ocrx_word' id='word_1_261' title='bbox 822 3085 854 3147; x_wconf 94' lang='lat' dir='ltr'>in</span> <span class='ocrx_word' id='word_1_262' title='bbox 878 3101 924 3164; x_wconf 85' lang='lat' dir='ltr'>oa,</span> <span class='ocrx_word' id='word_1_263' title='bbox 955 3088 987 3149; x_wconf 90' lang='lat' dir='ltr'>et</span> <span class='ocrx_word' id='word_1_264' title='bbox 1010 3102 1082 3148; x_wconf 89' lang='lat' dir='ltr'>ecce</span> <span class='ocrx_word' id='word_1_265' title='bbox 1104 3083 1144 3145; x_wconf 87' lang='lat' dir='ltr'>ad</span> <span class='ocrx_word' id='word_1_266' title='bbox 1168 3088 1311 3147; x_wconf 84' lang='lat' dir='ltr'>exortum</span> 
     </span>
     <span class='ocr_line' id='line_1_33' title="bbox 154 3167 1311 3252; baseline 0.004 -21"><span class='ocrx_word' id='word_1_267' title='bbox 154 3167 297 3234; x_wconf 85' lang='lat' dir='ltr'>Nominis</span> <span class='ocrx_word' id='word_1_268' title='bbox 318 3169 424 3234; x_wconf 93' lang='lat' dir='ltr'>lumen</span> <span class='ocrx_word' id='word_1_269' title='bbox 446 3170 588 3235; x_wconf 92' lang='lat' dir='ltr'>nubilum</span> <span class='ocrx_word' id='word_1_270' title='bbox 611 3190 701 3236; x_wconf 90' lang='lat' dir='ltr'>omne</span> <span class='ocrx_word' id='word_1_271' title='bbox 725 3169 847 3252; x_wconf 86' lang='lat' dir='ltr'>diffugit</span> <span class='ocrx_word' id='word_1_272' title='bbox 869 3171 952 3235; x_wconf 91' lang='lat' dir='ltr'>redit</span> <span class='ocrx_word' id='word_1_273' title='bbox 974 3189 1128 3236; x_wconf 92' lang='lat' dir='ltr'>serenum.</span> <span class='ocrx_word' id='word_1_274' title='bbox 1153 3169 1180 3234; x_wconf 91' lang='grc' dir='ltr'><strong>Ο</strong></span> <span class='ocrx_word' id='word_1_275' title='bbox 1202 3169 1311 3251; x_wconf 86' lang='lat' dir='ltr'>JESU,</span> 
     </span>
     <span class='ocr_line' id='line_1_34' title="bbox 150 3257 1205 3339; baseline 0.003 -20"><span class='ocrx_word' id='word_1_276' title='bbox 150 3271 225 3336; x_wconf 83' lang='lat' dir='ltr'>spes</span> <span class='ocrx_word' id='word_1_277' title='bbox 248 3258 435 3339; x_wconf 89' lang='lat' dir='ltr'>suspirantis</span> <span class='ocrx_word' id='word_1_278' title='bbox 457 3257 628 3337; x_wconf 81' lang='lat' dir='ltr'>Ecclesiae,</span> <span class='ocrx_word' id='word_1_279' title='bbox 651 3276 669 3323; x_wconf 97' lang='lat' dir='ltr'>o</span> <span class='ocrx_word' id='word_1_280' title='bbox 692 3258 814 3323; x_wconf 90' lang='lat' dir='ltr'>Nomen</span> <span class='ocrx_word' id='word_1_281' title='bbox 837 3276 932 3339; x_wconf 89' lang='lat' dir='ltr'>super</span> <span class='ocrx_word' id='word_1_282' title='bbox 955 3276 1045 3323; x_wconf 91' lang='lat' dir='ltr'>omne</span> <span class='ocrx_word' id='word_1_283' title='bbox 1068 3257 1205 3322; x_wconf 82' lang='lat' dir='ltr'>Nomen!</span> 
     </span>
     <span class='ocr_line' id='line_1_35' title="bbox 259 3343 1309 3429; baseline 0.003 -22"><span class='ocrx_word' id='word_1_284' title='bbox 259 3343 375 3424; x_wconf 91' lang='lat' dir='ltr'>Nostis,</span> <span class='ocrx_word' id='word_1_285' title='bbox 399 3346 601 3411; x_wconf 90' lang='lat' dir='ltr'>Venerabiles</span> <span class='ocrx_word' id='word_1_286' title='bbox 624 3346 745 3425; x_wconf 91' lang='lat' dir='ltr'>Patres,</span> <span class='ocrx_word' id='word_1_287' title='bbox 770 3347 853 3427; x_wconf 94' lang='lat' dir='ltr'>quod</span> <span class='ocrx_word' id='word_1_288' title='bbox 876 3345 949 3410; x_wconf 92' lang='lat' dir='ltr'>olim</span> <span class='ocrx_word' id='word_1_289' title='bbox 972 3344 1029 3410; x_wconf 89' lang='lat' dir='ltr'>filii</span> <span class='ocrx_word' id='word_1_290' title='bbox 1053 3344 1205 3412; x_wconf 85' lang='lat' dir='ltr'>Chauaan</span> <span class='ocrx_word' id='word_1_291' title='bbox 1227 3348 1309 3429; x_wconf 90' lang='lat' dir='ltr'>cogi·</span> 
     </span>
     <span class='ocr_line' id='line_1_36' title="bbox 153 3432 1309 3515; baseline 0.004 -24"><span class='ocrx_word' id='word_1_292' title='bbox 153 3434 259 3494; x_wconf 90' lang='lat' dir='ltr'>tantes</span> <span class='ocrx_word' id='word_1_293' title='bbox 294 3432 501 3512; x_wconf 89' lang='lat' dir='ltr'>cogitationes</span> <span class='ocrx_word' id='word_1_294' title='bbox 534 3434 694 3514; x_wconf 88' lang='lat' dir='ltr'>nequitiae</span> <span class='ocrx_word' id='word_1_295' title='bbox 728 3434 875 3499; x_wconf 87' lang='lat' dir='ltr'>dixerunt</span> <span class='ocrx_word' id='word_1_296' title='bbox 908 3434 949 3497; x_wconf 90' lang='lat' dir='ltr'>ad</span> <span class='ocrx_word' id='word_1_297' title='bbox 981 3433 1111 3498; x_wconf 90' lang='lat' dir='ltr'>invicem</span> <span class='ocrx_word' id='word_1_298' title='bbox 1146 3434 1309 3515; x_wconf 85' lang='lat' dir='ltr'>loquentes</span> 
     </span>
     <span class='ocr_line' id='line_1_37' title="bbox 152 3517 1310 3602; baseline 0.004 -23"><span class='ocrx_word' id='word_1_299' title='bbox 152 3521 265 3582; x_wconf 83' lang='lat' dir='ltr'>eontra</span> <span class='ocrx_word' id='word_1_300' title='bbox 288 3517 472 3584; x_wconf 89' lang='lat' dir='ltr'>Dominum:</span> <span class='ocrx_word' id='word_1_301' title='bbox 500 3521 664 3585; x_wconf 86' lang='lat' dir='ltr'>Faciamus</span> <span class='ocrx_word' id='word_1_302' title='bbox 688 3523 843 3586; x_wconf 87' lang='lat' dir='ltr'>civitatem</span> <span class='ocrx_word' id='word_1_303' title='bbox 867 3525 899 3585; x_wconf 92' lang='lat' dir='ltr'>et</span> <span class='ocrx_word' id='word_1_304' title='bbox 921 3522 1043 3599; x_wconf 83' lang='lat' dir='ltr'>tumim,</span> <span class='ocrx_word' id='word_1_305' title='bbox 1077 3522 1165 3602; x_wconf 72' lang='lat' dir='ltr'>cuius</span> <span class='ocrx_word' id='word_1_306' title='bbox 1189 3520 1310 3586; x_wconf 89' lang='lat' dir='ltr'>culmen</span> 
     </span>
     <span class='ocr_line' id='line_1_38' title="bbox 155 3606 1309 3690; baseline 0.004 -23"><span class='ocrx_word' id='word_1_307' title='bbox 155 3607 313 3686; x_wconf 87' lang='lat' dir='ltr'>pertingat</span> <span class='ocrx_word' id='word_1_308' title='bbox 346 3607 388 3671; x_wconf 89' lang='lat' dir='ltr'>ad</span> <span class='ocrx_word' id='word_1_309' title='bbox 419 3606 555 3688; x_wconf 89' lang='lat' dir='ltr'>coelum,</span> <span class='ocrx_word' id='word_1_310' title='bbox 590 3608 785 3673; x_wconf 89' lang='lat' dir='ltr'>celebremus</span> <span class='ocrx_word' id='word_1_311' title='bbox 817 3627 931 3675; x_wconf 88' lang='lat' dir='ltr'>nomen</span> <span class='ocrx_word' id='word_1_312' title='bbox 963 3614 1108 3673; x_wconf 90' lang='lat' dir='ltr'>nostrum</span> <span class='ocrx_word' id='word_1_313' title='bbox 1139 3613 1309 3690; x_wconf 90' lang='lat' dir='ltr'>antequam</span> 
     </span>
     <span class='ocr_line' id='line_1_39' title="bbox 152 3690 1310 3778; baseline 0.005 -24"><span class='ocrx_word' id='word_1_314' title='bbox 152 3690 331 3756; x_wconf 89' lang='lat' dir='ltr'>dividamur</span> <span class='ocrx_word' id='word_1_315' title='bbox 352 3693 383 3757; x_wconf 93' lang='lat' dir='ltr'>in</span> <span class='ocrx_word' id='word_1_316' title='bbox 416 3700 538 3774; x_wconf 90' lang='lat' dir='ltr'>gentes.</span> <span class='ocrx_word' id='word_1_317' title='bbox 583 3694 616 3759; x_wconf 84' lang='lat' dir='ltr'>Si</span> <span class='ocrx_word' id='word_1_318' title='bbox 646 3695 719 3760; x_wconf 89' lang='lat' dir='ltr'>licet</span> <span class='ocrx_word' id='word_1_319' title='bbox 751 3695 925 3778; x_wconf 90' lang='lat' dir='ltr'>flagitiosas</span> <span class='ocrx_word' id='word_1_320' title='bbox 958 3695 1131 3761; x_wconf 87' lang='lat' dir='ltr'>locutiones</span> <span class='ocrx_word' id='word_1_321' title='bbox 1160 3699 1191 3760; x_wconf 93' lang='lat' dir='ltr'>iu</span> <span class='ocrx_word' id='word_1_322' title='bbox 1213 3697 1310 3762; x_wconf 87' lang='lat' dir='ltr'>verba</span> 
     </span>
     <span class='ocr_line' id='line_1_40' title="bbox 154 3779 1309 3866; baseline 0.004 -24"><span class='ocrx_word' id='word_1_323' title='bbox 154 3779 236 3843; x_wconf 91' lang='lat' dir='ltr'>vitae</span> <span class='ocrx_word' id='word_1_324' title='bbox 261 3785 442 3844; x_wconf 87' lang='lat' dir='ltr'>convertere</span> <span class='ocrx_word' id='word_1_325' title='bbox 465 3780 559 3846; x_wconf 89' lang='lat' dir='ltr'>sinite</span> <span class='ocrx_word' id='word_1_326' title='bbox 582 3782 658 3846; x_wconf 91' lang='lat' dir='ltr'>mibi</span> <span class='ocrx_word' id='word_1_327' title='bbox 679 3781 831 3866; x_wconf 87' lang='lat' dir='ltr'>praelatis</span> <span class='ocrx_word' id='word_1_328' title='bbox 853 3783 957 3848; x_wconf 90' lang='lat' dir='ltr'>verbis</span> <span class='ocrx_word' id='word_1_329' title='bbox 976 3801 1032 3847; x_wconf 83' lang='lat' dir='ltr'>vos</span> <span class='ocrx_word' id='word_1_330' title='bbox 1048 3783 1177 3865; x_wconf 92' lang='lat' dir='ltr'>alloqui:</span> <span class='ocrx_word' id='word_1_331' title='bbox 1201 3784 1309 3849; x_wconf 86' lang='lat' dir='ltr'>Facia-</span> 
     </span>
     <span class='ocr_line' id='line_1_41' title="bbox 154 3868 1308 3952; baseline 0.004 -24"><span class='ocrx_word' id='word_1_332' title='bbox 154 3884 222 3929; x_wconf 90' lang='lat' dir='ltr'>mus</span> <span class='ocrx_word' id='word_1_333' title='bbox 255 3868 345 3932; x_wconf 92' lang='lat' dir='ltr'>nobis</span> <span class='ocrx_word' id='word_1_334' title='bbox 379 3868 537 3933; x_wconf 89' lang='lat' dir='ltr'>civitatem</span> <span class='ocrx_word' id='word_1_335' title='bbox 574 3877 607 3933; x_wconf 89' lang='lat' dir='ltr'>et</span> <span class='ocrx_word' id='word_1_336' title='bbox 638 3872 764 3948; x_wconf 89' lang='lat' dir='ltr'>turrim,</span> <span class='ocrx_word' id='word_1_337' title='bbox 801 3872 889 3951; x_wconf 75' lang='lat' dir='ltr'>quus</span> <span class='ocrx_word' id='word_1_338' title='bbox 924 3870 1045 3935; x_wconf 90' lang='lat' dir='ltr'>culmen</span> <span class='ocrx_word' id='word_1_339' title='bbox 1077 3873 1238 3952; x_wconf 88' lang='lat' dir='ltr'>pertingat</span> <span class='ocrx_word' id='word_1_340' title='bbox 1268 3871 1308 3936; x_wconf 89' lang='lat' dir='ltr'>ad</span> 
     </span>
     <span class='ocr_line' id='line_1_42' title="bbox 152 3953 1309 4037; baseline 0.005 -21"><span class='ocrx_word' id='word_1_341' title='bbox 152 3953 285 4020; x_wconf 87' lang='lat' dir='ltr'>coelum.</span> <span class='ocrx_word' id='word_1_342' title='bbox 331 3953 379 4020; x_wconf 89' lang='lat' dir='ltr'>Sit</span> <span class='ocrx_word' id='word_1_343' title='bbox 402 3954 524 4020; x_wconf 89' lang='lat' dir='ltr'>Nomen</span> <span class='ocrx_word' id='word_1_344' title='bbox 545 3955 646 4022; x_wconf 74' lang='lat' dir='ltr'>Just]</span> <span class='ocrx_word' id='word_1_345' title='bbox 670 3956 789 4022; x_wconf 85' lang='lat' dir='ltr'>Civitas</span> <span class='ocrx_word' id='word_1_346' title='bbox 812 3964 907 4037; x_wconf 89' lang='lat' dir='ltr'>atque</span> <span class='ocrx_word' id='word_1_347' title='bbox 929 3958 1038 4023; x_wconf 82' lang='lat' dir='ltr'>Turris</span> <span class='ocrx_word' id='word_1_348' title='bbox 1060 3964 1178 4023; x_wconf 90' lang='lat' dir='ltr'>nostra.</span> <span class='ocrx_word' id='word_1_349' title='bbox 1224 3958 1309 4022; x_wconf 88' lang='lat' dir='ltr'>Deus</span> 
     </span>
     <span class='ocr_line' id='line_1_43' title="bbox 151 4043 1309 4122; baseline 0.005 -18"><span class='ocrx_word' id='word_1_350' title='bbox 151 4043 355 4122; x_wconf 84' lang='lat' dir='ltr'>congregavit</span> <span class='ocrx_word' id='word_1_351' title='bbox 377 4061 435 4108; x_wconf 92' lang='lat' dir='ltr'>nos</span> <span class='ocrx_word' id='word_1_352' title='bbox 458 4044 491 4106; x_wconf 95' lang='lat' dir='ltr'>in</span> <span class='ocrx_word' id='word_1_353' title='bbox 514 4044 574 4109; x_wconf 89' lang='lat' dir='ltr'>hac</span> <span class='ocrx_word' id='word_1_354' title='bbox 597 4044 684 4110; x_wconf 89' lang='lat' dir='ltr'>Urbe</span> <span class='ocrx_word' id='word_1_355' title='bbox 699 4044 817 4110; x_wconf 86' lang='lat' dir='ltr'>Sancta</span> <span class='ocrx_word' id='word_1_356' title='bbox 841 4063 878 4109; x_wconf 83' lang='lat' dir='ltr'>ex</span> <span class='ocrx_word' id='word_1_357' title='bbox 902 4046 1044 4110; x_wconf 91' lang='lat' dir='ltr'>omnibus</span> <span class='ocrx_word' id='word_1_358' title='bbox 1072 4047 1168 4111; x_wconf 88' lang='lat' dir='ltr'>etiam</span> <span class='ocrx_word' id='word_1_359' title='bbox 1191 4047 1309 4112; x_wconf 89' lang='lat' dir='ltr'>dissitis</span> 
     </span>
     <span class='ocr_line' id='line_1_44' title="bbox 153 4129 1308 4215; baseline 0.01 -26"><span class='ocrx_word' id='word_1_360' title='bbox 153 4129 343 4208; x_wconf 89' lang='lat' dir='ltr'>nationibus,</span> <span class='ocrx_word' id='word_1_361' title='bbox 367 4148 404 4194; x_wconf 87' lang='lat' dir='ltr'>ex</span> <span class='ocrx_word' id='word_1_362' title='bbox 427 4131 512 4194; x_wconf 94' lang='lat' dir='ltr'>omni</span> <span class='ocrx_word' id='word_1_363' title='bbox 536 4138 639 4213; x_wconf 91' lang='lat' dir='ltr'>gente,</span> <span class='ocrx_word' id='word_1_364' title='bbox 664 4138 695 4196; x_wconf 89' lang='lat' dir='ltr'>et</span> <span class='ocrx_word' id='word_1_365' title='bbox 718 4133 834 4213; x_wconf 87' lang='lat' dir='ltr'>populo</span> <span class='ocrx_word' id='word_1_366' title='bbox 857 4136 889 4195; x_wconf 93' lang='lat' dir='ltr'>et</span> <span class='ocrx_word' id='word_1_367' title='bbox 912 4132 1030 4214; x_wconf 91' lang='lat' dir='ltr'>lingua,</span> <span class='ocrx_word' id='word_1_368' title='bbox 1055 4138 1086 4197; x_wconf 87' lang='lat' dir='ltr'>et</span> <span class='ocrx_word' id='word_1_369' title='bbox 1100 4136 1207 4215; x_wconf 89' lang='lat' dir='ltr'>posuit</span> <span class='ocrx_word' id='word_1_370' title='bbox 1221 4134 1308 4200; x_wconf 87' lang='lat' dir='ltr'>fecit·</span> 
     </span>
     <span class='ocr_line' id='line_1_45' title="bbox 149 4217 1308 4301; baseline 0.007 -24"><span class='ocrx_word' id='word_1_371' title='bbox 149 4231 211 4294; x_wconf 92' lang='lat' dir='ltr'>que</span> <span class='ocrx_word' id='word_1_372' title='bbox 233 4233 291 4280; x_wconf 92' lang='lat' dir='ltr'>nos</span> <span class='ocrx_word' id='word_1_373' title='bbox 315 4217 382 4281; x_wconf 92' lang='lat' dir='ltr'>Deo</span> <span class='ocrx_word' id='word_1_374' title='bbox 406 4224 513 4282; x_wconf 91' lang='lat' dir='ltr'>nostro</span> <span class='ocrx_word' id='word_1_375' title='bbox 537 4218 690 4300; x_wconf 89' lang='lat' dir='ltr'>Regnum,</span> <span class='ocrx_word' id='word_1_376' title='bbox 714 4225 750 4284; x_wconf 93' lang='lat' dir='ltr'>ut</span> <span class='ocrx_word' id='word_1_377' title='bbox 773 4219 956 4300; x_wconf 87' lang='lat' dir='ltr'>evellamus,</span> <span class='ocrx_word' id='word_1_378' title='bbox 980 4221 1196 4301; x_wconf 90' lang='lat' dir='ltr'>destruamus,</span> <span class='ocrx_word' id='word_1_379' title='bbox 1221 4241 1308 4288; x_wconf 87' lang='lat' dir='ltr'>ever-</span> 
     </span>
     <span class='ocr_line' id='line_1_46' title="bbox 148 4301 1310 4386; baseline 0.007 -20"><span class='ocrx_word' id='word_1_380' title='bbox 148 4307 265 4383; x_wconf 88' lang='lat' dir='ltr'>tamus,</span> <span class='ocrx_word' id='word_1_381' title='bbox 290 4301 499 4384; x_wconf 88' lang='lat' dir='ltr'>aedificemus,</span> <span class='ocrx_word' id='word_1_382' title='bbox 523 4305 698 4386; x_wconf 90' lang='lat' dir='ltr'>plantemus</span> <span class='ocrx_word' id='word_1_383' title='bbox 721 4313 754 4372; x_wconf 89' lang='lat' dir='ltr'>et</span> <span class='ocrx_word' id='word_1_384' title='bbox 777 4308 807 4370; x_wconf 94' lang='lat' dir='ltr'>in</span> <span class='ocrx_word' id='word_1_385' title='bbox 832 4308 1030 4373; x_wconf 87' lang='lat' dir='ltr'>sanctissimo</span> <span class='ocrx_word' id='word_1_386' title='bbox 1052 4306 1154 4374; x_wconf 82' lang='lat' dir='ltr'>JESU</span> <span class='ocrx_word' id='word_1_387' title='bbox 1177 4309 1310 4375; x_wconf 91' lang='lat' dir='ltr'>Nomine</span> 
     </span>
    </p>
   </div>
   <div class='ocr_carea' id='block_1_3' title="bbox 0 0 1478 4942">
    <p class='ocr_par' dir='ltr' id='par_1_3' title="bbox 0 0 1478 4942">
     <span class='ocr_line' id='line_1_47' title="bbox 0 0 1478 4942; baseline 0 3"><span class='ocrx_word' id='word_1_388' title='bbox 0 0 1478 4942; x_wconf 95' lang='lat' dir='ltr'> </span> 
     </span>
    </p>
   </div>
  </div>
 </body>
</html>
