<?xml version="1.0" encoding="UTF-8"?>
<!DOCTYPE html PUBLIC "-//W3C//DTD XHTML 1.0 Transitional//EN"
    "http://www.w3.org/TR/xhtml1/DTD/xhtml1-transitional.dtd">
<html xmlns="http://www.w3.org/1999/xhtml" xml:lang="en" lang="en">
 <head>
  <title>
</title>
<meta http-equiv="Content-Type" content="text/html;charset=utf-8" />
  <meta name='ocr-system' content='tesseract 3.04.00' />
  <meta name='ocr-capabilities' content='ocr_page ocr_carea ocr_par ocr_line ocrx_word'/>
</head>
<body>
  <div class='ocr_page' id='page_1' title='image "./omniumconciliiv01martgoog_0141.png"; bbox 0 0 2946 4942; ppageno 0'>
   <div class='ocr_carea' id='block_1_1' title="bbox 219 286 1019 346">
    <p class='ocr_par' dir='ltr' id='par_1_1' title="bbox 219 286 1019 346">
     <span class='ocr_line' id='line_1_1' title="bbox 219 286 1019 346; baseline -0.003 0"><span class='ocrx_word' id='word_1_1' title='bbox 219 286 281 346; x_wconf 83' lang='grc'>136</span> <span class='ocrx_word' id='word_1_2' title='bbox 581 297 738 346; x_wconf 76' lang='lat' dir='ltr'>sensuam</span> <span class='ocrx_word' id='word_1_3' title='bbox 759 296 1019 346; x_wconf 87' lang='lat' dir='ltr'>oonsrmumonuu</span> 
     </span>
    </p>
   </div>
   <div class='ocr_carea' id='block_1_2' title="bbox 209 418 1381 2246">
    <p class='ocr_par' dir='ltr' id='par_1_2' title="bbox 212 418 1379 763">
     <span class='ocr_line' id='line_1_2' title="bbox 323 418 1379 501; baseline 0.001 -15"><span class='ocrx_word' id='word_1_4' title='bbox 323 419 461 501; x_wconf 79' lang='lat' dir='ltr'>Operam</span> <span class='ocrx_word' id='word_1_5' title='bbox 493 438 569 486; x_wconf 90' lang='lat' dir='ltr'>vero</span> <span class='ocrx_word' id='word_1_6' title='bbox 602 420 723 485; x_wconf 90' lang='lat' dir='ltr'>dabunt</span> <span class='ocrx_word' id='word_1_7' title='bbox 750 420 783 483; x_wconf 90' lang='lat' dir='ltr'>in</span> <span class='ocrx_word' id='word_1_8' title='bbox 814 419 946 501; x_wconf 89' lang='lat' dir='ltr'>singulis</span> <span class='ocrx_word' id='word_1_9' title='bbox 980 418 1152 486; x_wconf 80' lang='lat' dir='ltr'><strong>Provinciis</strong></span> <span class='ocrx_word' id='word_1_10' title='bbox 1176 419 1379 487; x_wconf 86' lang='lat' dir='ltr'>Patriarchae</span> 
     </span>
     <span class='ocr_line' id='line_1_3' title="bbox 212 505 1379 590; baseline 0.002 -19"><span class='ocrx_word' id='word_1_11' title='bbox 212 508 263 574; x_wconf 86' lang='lat' dir='ltr'>vel</span> <span class='ocrx_word' id='word_1_12' title='bbox 284 507 531 590; x_wconf 82' lang='lat' dir='ltr'>Archiepisoopi,</span> <span class='ocrx_word' id='word_1_13' title='bbox 555 506 677 573; x_wconf 86' lang='lat' dir='ltr'>collatis</span> <span class='ocrx_word' id='word_1_14' title='bbox 701 507 788 587; x_wconf 89' lang='lat' dir='ltr'>prius</span> <span class='ocrx_word' id='word_1_15' title='bbox 811 507 950 573; x_wconf 87' lang='lat' dir='ltr'>consiliis</span> <span class='ocrx_word' id='word_1_16' title='bbox 973 525 1045 570; x_wconf 93' lang='lat' dir='ltr'>cum</span> <span class='ocrx_word' id='word_1_17' title='bbox 1072 507 1138 571; x_wconf 89' lang='lat' dir='ltr'>suis</span> <span class='ocrx_word' id='word_1_18' title='bbox 1152 505 1379 590; x_wconf 79' lang='lat' dir='ltr'>Suffragunois,</span> 
     </span>
     <span class='ocr_line' id='line_1_4' title="bbox 213 593 1379 677; baseline -0.001 -17"><span class='ocrx_word' id='word_1_19' title='bbox 213 596 328 661; x_wconf 88' lang='lat' dir='ltr'>deinde</span> <span class='ocrx_word' id='word_1_20' title='bbox 351 613 427 660; x_wconf 92' lang='lat' dir='ltr'>vero</span> <span class='ocrx_word' id='word_1_21' title='bbox 451 614 523 661; x_wconf 92' lang='lat' dir='ltr'>cum</span> <span class='ocrx_word' id='word_1_22' title='bbox 546 594 617 660; x_wconf 88' lang='lat' dir='ltr'>aliis</span> <span class='ocrx_word' id='word_1_23' title='bbox 640 593 894 675; x_wconf 88' lang='lat' dir='ltr'>Archlepiscopis</span> <span class='ocrx_word' id='word_1_24' title='bbox 917 594 1060 677; x_wconf 88' lang='lat' dir='ltr'>ejusdem</span> <span class='ocrx_word' id='word_1_25' title='bbox 1083 596 1222 676; x_wconf 85' lang='lat' dir='ltr'>regionis</span> <span class='ocrx_word' id='word_1_26' title='bbox 1245 602 1279 660; x_wconf 92' lang='lat' dir='ltr'>et</span> <span class='ocrx_word' id='word_1_27' title='bbox 1301 595 1379 665; x_wconf 93' lang='lat' dir='ltr'>idio-</span> 
     </span>
     <span class='ocr_line' id='line_1_5' title="bbox 212 681 1377 763; baseline 0.003 -16"><span class='ocrx_word' id='word_1_28' title='bbox 212 684 324 763; x_wconf 82' lang='lat' dir='ltr'>matis,</span> <span class='ocrx_word' id='word_1_29' title='bbox 359 687 395 746; x_wconf 95' lang='lat' dir='ltr'>ut</span> <span class='ocrx_word' id='word_1_30' title='bbox 417 682 503 747; x_wconf 90' lang='lat' dir='ltr'>illius</span> <span class='ocrx_word' id='word_1_31' title='bbox 526 688 632 747; x_wconf 85' lang='lat' dir='ltr'>textus</span> <span class='ocrx_word' id='word_1_32' title='bbox 655 683 689 745; x_wconf 95' lang='lat' dir='ltr'>in</span> <span class='ocrx_word' id='word_1_33' title='bbox 711 681 876 763; x_wconf 85' lang='lat' dir='ltr'>vulgarem</span> <span class='ocrx_word' id='word_1_34' title='bbox 900 682 1040 763; x_wconf 83' lang='lat' dir='ltr'>linguam</span> <span class='ocrx_word' id='word_1_35' title='bbox 1063 681 1200 749; x_wconf 86' lang='lat' dir='ltr'>fideliter</span> <span class='ocrx_word' id='word_1_36' title='bbox 1221 687 1377 750; x_wconf 88' lang='lat' dir='ltr'>vertatur.</span> 
     </span>
    </p>

    <p class='ocr_par' dir='ltr' id='par_1_3' title="bbox 209 768 1381 1549">
     <span class='ocr_line' id='line_1_6' title="bbox 317 768 1381 850; baseline 0.004 -18"><span class='ocrx_word' id='word_1_37' title='bbox 317 769 482 850; x_wconf 90' lang='lat' dir='ltr'>Integrum</span> <span class='ocrx_word' id='word_1_38' title='bbox 506 776 612 834; x_wconf 86' lang='lat' dir='ltr'>autem</span> <span class='ocrx_word' id='word_1_39' title='bbox 636 770 698 833; x_wconf 80' lang='lat' dir='ltr'>erit</span> <span class='ocrx_word' id='word_1_40' title='bbox 721 769 895 850; x_wconf 81' lang='lat' dir='ltr'>Episcopis,</span> <span class='ocrx_word' id='word_1_41' title='bbox 920 769 1060 850; x_wconf 88' lang='lat' dir='ltr'>ejusdem</span> <span class='ocrx_word' id='word_1_42' title='bbox 1081 770 1171 850; x_wconf 91' lang='lat' dir='ltr'>parvi</span> <span class='ocrx_word' id='word_1_43' title='bbox 1186 768 1381 836; x_wconf 86' lang='lat' dir='ltr'>Oatechismi</span> 
     </span>
     <span class='ocr_line' id='line_1_7' title="bbox 213 853 1377 938; baseline 0.001 -17"><span class='ocrx_word' id='word_1_44' title='bbox 213 874 273 922; x_wconf 91' lang='lat' dir='ltr'>usu</span> <span class='ocrx_word' id='word_1_45' title='bbox 295 874 353 938; x_wconf 92' lang='lat' dir='ltr'>pro</span> <span class='ocrx_word' id='word_1_46' title='bbox 377 857 480 938; x_wconf 89' lang='lat' dir='ltr'>prima</span> <span class='ocrx_word' id='word_1_47' title='bbox 509 853 647 921; x_wconf 84' lang='lat' dir='ltr'>fidelium</span> <span class='ocrx_word' id='word_1_48' title='bbox 675 857 874 921; x_wconf 87' lang='lat' dir='ltr'>institutione</span> <span class='ocrx_word' id='word_1_49' title='bbox 904 857 1025 936; x_wconf 85' lang='lat' dir='ltr'>absque</span> <span class='ocrx_word' id='word_1_50' title='bbox 1056 857 1129 922; x_wconf 89' lang='lat' dir='ltr'>ullis</span> <span class='ocrx_word' id='word_1_51' title='bbox 1152 858 1377 923; x_wconf 81' lang='lat' dir='ltr'>additamentis</span> 
     </span>
     <span class='ocr_line' id='line_1_8' title="bbox 209 943 1378 1026; baseline 0.003 -18"><span class='ocrx_word' id='word_1_52' title='bbox 209 945 329 1026; x_wconf 87' lang='lat' dir='ltr'>jugiter</span> <span class='ocrx_word' id='word_1_53' title='bbox 363 950 503 1022; x_wconf 88' lang='lat' dir='ltr'>retento,</span> <span class='ocrx_word' id='word_1_54' title='bbox 529 944 570 1008; x_wconf 88' lang='lat' dir='ltr'>ad</span> <span class='ocrx_word' id='word_1_55' title='bbox 599 961 651 1009; x_wconf 84' lang='lat' dir='ltr'>eos</span> <span class='ocrx_word' id='word_1_56' title='bbox 680 944 807 1008; x_wconf 87' lang='lat' dir='ltr'>uberius</span> <span class='ocrx_word' id='word_1_57' title='bbox 831 943 1018 1009; x_wconf 88' lang='lat' dir='ltr'>excolendos</span> <span class='ocrx_word' id='word_1_58' title='bbox 1043 950 1076 1008; x_wconf 90' lang='lat' dir='ltr'>et</span> <span class='ocrx_word' id='word_1_59' title='bbox 1100 950 1212 1010; x_wconf 89' lang='lat' dir='ltr'>contra</span> <span class='ocrx_word' id='word_1_60' title='bbox 1243 963 1378 1025; x_wconf 89' lang='lat' dir='ltr'>errores,</span> 
     </span>
     <span class='ocr_line' id='line_1_9' title="bbox 213 1030 1379 1112; baseline 0.001 -16"><span class='ocrx_word' id='word_1_61' title='bbox 213 1033 267 1112; x_wconf 90' lang='lat' dir='ltr'>qui</span> <span class='ocrx_word' id='word_1_62' title='bbox 297 1032 328 1095; x_wconf 92' lang='lat' dir='ltr'>in</span> <span class='ocrx_word' id='word_1_63' title='bbox 358 1031 423 1095; x_wconf 93' lang='lat' dir='ltr'>suis</span> <span class='ocrx_word' id='word_1_64' title='bbox 455 1031 563 1096; x_wconf 83' lang='lat' dir='ltr'>forsan</span> <span class='ocrx_word' id='word_1_65' title='bbox 585 1030 767 1112; x_wconf 85' lang='lat' dir='ltr'>regionibus</span> <span class='ocrx_word' id='word_1_66' title='bbox 790 1037 986 1112; x_wconf 85' lang='lat' dir='ltr'>grassantur,</span> <span class='ocrx_word' id='word_1_67' title='bbox 1011 1033 1288 1112; x_wconf 86' lang='lat' dir='ltr'>praemuniendos,</span> <span class='ocrx_word' id='word_1_68' title='bbox 1313 1051 1379 1097; x_wconf 93' lang='lat' dir='ltr'>am-</span> 
     </span>
     <span class='ocr_line' id='line_1_10' title="bbox 213 1115 1379 1200; baseline 0.003 -18"><span class='ocrx_word' id='word_1_69' title='bbox 213 1119 329 1200; x_wconf 87' lang='lat' dir='ltr'>pliores</span> <span class='ocrx_word' id='word_1_70' title='bbox 359 1118 570 1183; x_wconf 88' lang='lat' dir='ltr'>catecheticas</span> <span class='ocrx_word' id='word_1_71' title='bbox 601 1115 753 1183; x_wconf 85' lang='lat' dir='ltr'>conficere</span> <span class='ocrx_word' id='word_1_72' title='bbox 776 1119 1012 1198; x_wconf 89' lang='lat' dir='ltr'>institutiones;</span> <span class='ocrx_word' id='word_1_73' title='bbox 1036 1137 1116 1200; x_wconf 89' lang='lat' dir='ltr'>quas</span> <span class='ocrx_word' id='word_1_74' title='bbox 1136 1125 1241 1184; x_wconf 91' lang='lat' dir='ltr'>tamen</span> <span class='ocrx_word' id='word_1_75' title='bbox 1265 1122 1293 1184; x_wconf 92' lang='lat' dir='ltr'>si</span> <span class='ocrx_word' id='word_1_76' title='bbox 1316 1139 1379 1186; x_wconf 91' lang='lat' dir='ltr'>una</span> 
     </span>
     <span class='ocr_line' id='line_1_11' title="bbox 213 1203 1378 1287; baseline 0.002 -17"><span class='ocrx_word' id='word_1_77' title='bbox 213 1223 285 1270; x_wconf 90' lang='lat' dir='ltr'>cum</span> <span class='ocrx_word' id='word_1_78' title='bbox 314 1211 406 1269; x_wconf 86' lang='lat' dir='ltr'>textu</span> <span class='ocrx_word' id='word_1_79' title='bbox 441 1206 596 1287; x_wconf 84' lang='lat' dir='ltr'>praedicti</span> <span class='ocrx_word' id='word_1_80' title='bbox 630 1203 834 1283; x_wconf 75' lang='lat' dir='ltr'>(latechismi,</span> <span class='ocrx_word' id='word_1_81' title='bbox 858 1213 890 1269; x_wconf 92' lang='lat' dir='ltr'>et</span> <span class='ocrx_word' id='word_1_82' title='bbox 914 1224 977 1270; x_wconf 91' lang='lat' dir='ltr'>non</span> <span class='ocrx_word' id='word_1_83' title='bbox 1000 1208 1147 1286; x_wconf 84' lang='lat' dir='ltr'>seorsim,</span> <span class='ocrx_word' id='word_1_84' title='bbox 1174 1208 1267 1272; x_wconf 89' lang='lat' dir='ltr'>edere</span> <span class='ocrx_word' id='word_1_85' title='bbox 1291 1207 1378 1274; x_wconf 83' lang='lat' dir='ltr'>volu·</span> 
     </span>
     <span class='ocr_line' id='line_1_12' title="bbox 213 1292 1378 1375; baseline 0.003 -19"><span class='ocrx_word' id='word_1_86' title='bbox 213 1294 313 1371; x_wconf 90' lang='lat' dir='ltr'>erint,</span> <span class='ocrx_word' id='word_1_87' title='bbox 348 1293 380 1356; x_wconf 95' lang='lat' dir='ltr'>id</span> <span class='ocrx_word' id='word_1_88' title='bbox 403 1293 449 1357; x_wconf 92' lang='lat' dir='ltr'>ita</span> <span class='ocrx_word' id='word_1_89' title='bbox 477 1292 546 1358; x_wconf 90' lang='lat' dir='ltr'>ficri</span> <span class='ocrx_word' id='word_1_90' title='bbox 569 1293 685 1358; x_wconf 89' lang='lat' dir='ltr'>debere</span> <span class='ocrx_word' id='word_1_91' title='bbox 708 1293 909 1373; x_wconf 91' lang='lat' dir='ltr'>mandamus,</span> <span class='ocrx_word' id='word_1_92' title='bbox 940 1299 976 1356; x_wconf 90' lang='lat' dir='ltr'>ut</span> <span class='ocrx_word' id='word_1_93' title='bbox 1006 1299 1111 1360; x_wconf 83' lang='lat' dir='ltr'>textus</span> <span class='ocrx_word' id='word_1_94' title='bbox 1139 1295 1207 1375; x_wconf 92' lang='lat' dir='ltr'>ipse</span> <span class='ocrx_word' id='word_1_95' title='bbox 1236 1312 1255 1357; x_wconf 88' lang='lat' dir='ltr'>a</span> <span class='ocrx_word' id='word_1_96' title='bbox 1279 1294 1378 1361; x_wconf 89' lang='lat' dir='ltr'>Nobis</span> 
     </span>
     <span class='ocr_line' id='line_1_13' title="bbox 212 1380 1379 1462; baseline 0.003 -19"><span class='ocrx_word' id='word_1_97' title='bbox 212 1381 428 1462; x_wconf 80' lang='lat' dir='ltr'>praescriptus</span> <span class='ocrx_word' id='word_1_98' title='bbox 462 1382 501 1445; x_wconf 87' lang='lat' dir='ltr'>ab</span> <span class='ocrx_word' id='word_1_99' title='bbox 534 1380 715 1462; x_wconf 86' lang='lat' dir='ltr'>hujusmodi</span> <span class='ocrx_word' id='word_1_100' title='bbox 750 1380 1003 1445; x_wconf 88' lang='lat' dir='ltr'>institutionibus</span> <span class='ocrx_word' id='word_1_101' title='bbox 1037 1385 1186 1461; x_wconf 88' lang='lat' dir='ltr'>patenter</span> <span class='ocrx_word' id='word_1_102' title='bbox 1209 1382 1379 1448; x_wconf 89' lang='lat' dir='ltr'>distinctus</span> 
     </span>
     <span class='ocr_line' id='line_1_14' title="bbox 213 1474 376 1549; baseline 0.006 -18"><span class='ocrx_word' id='word_1_103' title='bbox 213 1474 376 1549; x_wconf 86' lang='lat' dir='ltr'>appareat.</span> 
     </span>
    </p>

    <p class='ocr_par' dir='ltr' id='par_1_4' title="bbox 213 1552 1377 2246">
     <span class='ocr_line' id='line_1_15' title="bbox 319 1552 1377 1635; baseline 0.003 -17"><span class='ocrx_word' id='word_1_104' title='bbox 319 1555 462 1635; x_wconf 90' lang='lat' dir='ltr'>Denique</span> <span class='ocrx_word' id='word_1_105' title='bbox 493 1571 563 1617; x_wconf 92' lang='lat' dir='ltr'>curn</span> <span class='ocrx_word' id='word_1_106' title='bbox 594 1572 708 1635; x_wconf 89' lang='lat' dir='ltr'>parum</span> <span class='ocrx_word' id='word_1_107' title='bbox 743 1555 786 1618; x_wconf 89' lang='lat' dir='ltr'>sit</span> <span class='ocrx_word' id='word_1_108' title='bbox 808 1552 1001 1620; x_wconf 81' lang='lat' dir='ltr'>Catachismi</span> <span class='ocrx_word' id='word_1_109' title='bbox 1034 1555 1184 1621; x_wconf 84' lang='lat' dir='ltr'>formulas</span> <span class='ocrx_word' id='word_1_110' title='bbox 1207 1558 1377 1622; x_wconf 87' lang='lat' dir='ltr'>memoriae</span> 
     </span>
     <span class='ocr_line' id='line_1_16' title="bbox 214 1639 1377 1726; baseline 0.004 -21"><span class='ocrx_word' id='word_1_111' title='bbox 214 1659 233 1705; x_wconf 88' lang='lat' dir='ltr'>a</span> <span class='ocrx_word' id='word_1_112' title='bbox 256 1639 403 1706; x_wconf 89' lang='lat' dir='ltr'>fidelibus</span> <span class='ocrx_word' id='word_1_113' title='bbox 427 1641 572 1706; x_wconf 89' lang='lat' dir='ltr'>mandari</span> <span class='ocrx_word' id='word_1_114' title='bbox 594 1642 655 1706; x_wconf 92' lang='lat' dir='ltr'>nisi</span> <span class='ocrx_word' id='word_1_115' title='bbox 678 1642 719 1707; x_wconf 88' lang='lat' dir='ltr'>ad</span> <span class='ocrx_word' id='word_1_116' title='bbox 743 1641 814 1705; x_wconf 87' lang='lat' dir='ltr'>illas</span> <span class='ocrx_word' id='word_1_117' title='bbox 838 1661 895 1723; x_wconf 94' lang='lat' dir='ltr'>pro</span> <span class='ocrx_word' id='word_1_118' title='bbox 919 1645 1071 1725; x_wconf 89' lang='lat' dir='ltr'>cujusque</span> <span class='ocrx_word' id='word_1_119' title='bbox 1088 1649 1183 1725; x_wconf 88' lang='lat' dir='ltr'>captu</span> <span class='ocrx_word' id='word_1_120' title='bbox 1199 1644 1377 1726; x_wconf 89' lang='lat' dir='ltr'>intelligen-</span> 
     </span>
     <span class='ocr_line' id='line_1_17' title="bbox 215 1729 1377 1812; baseline 0.003 -19"><span class='ocrx_word' id='word_1_121' title='bbox 215 1730 272 1794; x_wconf 89' lang='lat' dir='ltr'>das</span> <span class='ocrx_word' id='word_1_122' title='bbox 302 1731 374 1794; x_wconf 86' lang='lat' dir='ltr'>viva</span> <span class='ocrx_word' id='word_1_123' title='bbox 397 1748 472 1794; x_wconf 88' lang='lat' dir='ltr'>voce</span> <span class='ocrx_word' id='word_1_124' title='bbox 496 1729 707 1810; x_wconf 88' lang='lat' dir='ltr'>adducantur,</span> <span class='ocrx_word' id='word_1_125' title='bbox 744 1736 776 1794; x_wconf 93' lang='lat' dir='ltr'>et</span> <span class='ocrx_word' id='word_1_126' title='bbox 805 1729 865 1794; x_wconf 89' lang='lat' dir='ltr'>hac</span> <span class='ocrx_word' id='word_1_127' title='bbox 887 1731 956 1810; x_wconf 86' lang='lat' dir='ltr'>ipsa</span> <span class='ocrx_word' id='word_1_128' title='bbox 979 1729 1012 1794; x_wconf 94' lang='lat' dir='ltr'>in</span> <span class='ocrx_word' id='word_1_129' title='bbox 1035 1750 1070 1796; x_wconf 87' lang='lat' dir='ltr'>re</span> <span class='ocrx_word' id='word_1_130' title='bbox 1092 1733 1227 1795; x_wconf 83' lang='lat' dir='ltr'>maxime</span> <span class='ocrx_word' id='word_1_131' title='bbox 1250 1730 1377 1812; x_wconf 84' lang='lat' dir='ltr'>referat,</span> 
     </span>
     <span class='ocr_line' id='line_1_18' title="bbox 213 1814 1377 1900; baseline 0.002 -20"><span class='ocrx_word' id='word_1_132' title='bbox 213 1821 250 1880; x_wconf 92' lang='lat' dir='ltr'>ut</span> <span class='ocrx_word' id='word_1_133' title='bbox 272 1835 335 1881; x_wconf 91' lang='lat' dir='ltr'>una</span> <span class='ocrx_word' id='word_1_134' title='bbox 358 1817 400 1881; x_wconf 92' lang='lat' dir='ltr'>sit</span> <span class='ocrx_word' id='word_1_135' title='bbox 422 1816 597 1880; x_wconf 86' lang='lat' dir='ltr'>tradendae</span> <span class='ocrx_word' id='word_1_136' title='bbox 620 1814 694 1882; x_wconf 91' lang='lat' dir='ltr'>fidei</span> <span class='ocrx_word' id='word_1_137' title='bbox 716 1817 756 1881; x_wconf 92' lang='lat' dir='ltr'>ad</span> <span class='ocrx_word' id='word_1_138' title='bbox 780 1818 945 1897; x_wconf 90' lang='lat' dir='ltr'>omniaque</span> <span class='ocrx_word' id='word_1_139' title='bbox 967 1819 1095 1900; x_wconf 88' lang='lat' dir='ltr'>pietatis</span> <span class='ocrx_word' id='word_1_140' title='bbox 1108 1816 1211 1884; x_wconf 86' lang='lat' dir='ltr'>officia</span> <span class='ocrx_word' id='word_1_141' title='bbox 1225 1818 1377 1900; x_wconf 90' lang='lat' dir='ltr'>populum</span> 
     </span>
     <span class='ocr_line' id='line_1_19' title="bbox 215 1903 1376 1988; baseline 0.002 -20"><span class='ocrx_word' id='word_1_142' title='bbox 215 1903 424 1969; x_wconf 88' lang='lat' dir='ltr'>christia-num</span> <span class='ocrx_word' id='word_1_143' title='bbox 465 1904 629 1968; x_wconf 88' lang='lat' dir='ltr'>erudiendi</span> <span class='ocrx_word' id='word_1_144' title='bbox 664 1905 835 1970; x_wconf 90' lang='lat' dir='ltr'>communis</span> <span class='ocrx_word' id='word_1_145' title='bbox 866 1905 978 1985; x_wconf 86' lang='lat' dir='ltr'>regula</span> <span class='ocrx_word' id='word_1_146' title='bbox 1001 1911 1096 1985; x_wconf 86' lang='lat' dir='ltr'>atquc</span> <span class='ocrx_word' id='word_1_147' title='bbox 1120 1907 1376 1988; x_wconf 80' lang='lat' dir='ltr'>praescripti031)</span> 
     </span>
     <span class='ocr_line' id='line_1_20' title="bbox 214 1991 1377 2074; baseline 0.002 -19"><span class='ocrx_word' id='word_1_148' title='bbox 214 1991 287 2055; x_wconf 89' lang='lat' dir='ltr'>hinc</span> <span class='ocrx_word' id='word_1_149' title='bbox 321 1993 465 2057; x_wconf 91' lang='lat' dir='ltr'>omnibus</span> <span class='ocrx_word' id='word_1_150' title='bbox 500 1992 613 2071; x_wconf 90' lang='lat' dir='ltr'>quibus</span> <span class='ocrx_word' id='word_1_151' title='bbox 636 1992 695 2056; x_wconf 92' lang='lat' dir='ltr'>hoc</span> <span class='ocrx_word' id='word_1_152' title='bbox 718 1991 849 2056; x_wconf 89' lang='lat' dir='ltr'>docendi</span> <span class='ocrx_word' id='word_1_153' title='bbox 871 2009 985 2056; x_wconf 90' lang='lat' dir='ltr'>munus</span> <span class='ocrx_word' id='word_1_154' title='bbox 1008 1993 1190 2074; x_wconf 89' lang='lat' dir='ltr'>impositum</span> <span class='ocrx_word' id='word_1_155' title='bbox 1214 1999 1262 2057; x_wconf 88' lang='lat' dir='ltr'>cst</span> <span class='ocrx_word' id='word_1_156' title='bbox 1285 2011 1377 2057; x_wconf 92' lang='lat' dir='ltr'>usum</span> 
     </span>
     <span class='ocr_line' id='line_1_21' title="bbox 213 2078 1376 2161; baseline 0.001 -19"><span class='ocrx_word' id='word_1_157' title='bbox 213 2081 380 2145; x_wconf 90' lang='lat' dir='ltr'>memorati</span> <span class='ocrx_word' id='word_1_158' title='bbox 404 2078 594 2145; x_wconf 87' lang='lat' dir='ltr'>Catecbismi</span> <span class='ocrx_word' id='word_1_159' title='bbox 626 2079 667 2144; x_wconf 89' lang='lat' dir='ltr'>ad</span> <span class='ocrx_word' id='word_1_160' title='bbox 690 2078 849 2144; x_wconf 90' lang='lat' dir='ltr'>Parocbos</span> <span class='ocrx_word' id='word_1_161' title='bbox 878 2080 925 2143; x_wconf 92' lang='lat' dir='ltr'>uti</span> <span class='ocrx_word' id='word_1_162' title='bbox 952 2097 1047 2161; x_wconf 88' lang='lat' dir='ltr'>saepe</span> <span class='ocrx_word' id='word_1_163' title='bbox 1080 2081 1158 2145; x_wconf 88' lang='lat' dir='ltr'>alias</span> <span class='ocrx_word' id='word_1_164' title='bbox 1186 2079 1376 2146; x_wconf 89' lang='lat' dir='ltr'>Praedeces-</span> 
     </span>
     <span class='ocr_line' id='line_1_22' title="bbox 215 2165 1238 2246; baseline -0.001 -16"><span class='ocrx_word' id='word_1_165' title='bbox 215 2183 303 2231; x_wconf 88' lang='lat' dir='ltr'>sores</span> <span class='ocrx_word' id='word_1_166' title='bbox 326 2167 444 2242; x_wconf 85' lang='lat' dir='ltr'>Nostri,</span> <span class='ocrx_word' id='word_1_167' title='bbox 470 2168 517 2230; x_wconf 92' lang='lat' dir='ltr'>ita</span> <span class='ocrx_word' id='word_1_168' title='bbox 539 2165 604 2229; x_wconf 84' lang='lat' dir='ltr'>Nos</span> <span class='ocrx_word' id='word_1_169' title='bbox 629 2167 730 2230; x_wconf 87' lang='lat' dir='ltr'>denuo</span> <span class='ocrx_word' id='word_1_170' title='bbox 754 2183 951 2246; x_wconf 87' lang='lat' dir='ltr'>summopere</span> <span class='ocrx_word' id='word_1_171' title='bbox 974 2168 1238 2232; x_wconf 86' lang='lat' dir='ltr'>commendamus.</span> 
     </span>
    </p>
   </div>
   <div class='ocr_carea' id='block_1_3' title="bbox 691 2459 892 2467">
    <p class='ocr_par' dir='ltr' id='par_1_5' title="bbox 691 2459 892 2467">
     <span class='ocr_line' id='line_1_23' title="bbox 691 2459 892 2467; baseline -0.01 -1"><span class='ocrx_word' id='word_1_172' title='bbox 691 2461 746 2467; x_wconf 75' lang='grc'>-..-</span> <span class='ocrx_word' id='word_1_173' title='bbox 759 2459 892 2466; x_wconf 36' lang='lat' dir='ltr'><strong>...ff-..⁴—</strong></span> 
     </span>
    </p>
   </div>
   <div class='ocr_carea' id='block_1_4' title="bbox 375 2739 1215 2962">
    <p class='ocr_par' dir='ltr' id='par_1_6' title="bbox 375 2739 1215 2962">
     <span class='ocr_line' id='line_1_24' title="bbox 664 2739 930 2822; baseline -0.004 0"><span class='ocrx_word' id='word_1_174' title='bbox 664 2739 698 2822; x_wconf 88' lang='grc'>3.</span> <span class='ocrx_word' id='word_1_175' title='bbox 743 2739 930 2822; x_wconf 77' lang='lat' dir='ltr'>SbHIllll</span> 
     </span>
     <span class='ocr_line' id='line_1_25' title="bbox 375 2895 1215 2962; baseline 0.001 -2"><span class='ocrx_word' id='word_1_176' title='bbox 375 2896 432 2960; x_wconf 87' lang='lat' dir='ltr'>nn</span> <span class='ocrx_word' id='word_1_177' title='bbox 455 2896 554 2961; x_wconf 80' lang='lat' dir='ltr'>vml</span> <span class='ocrx_word' id='word_1_178' title='bbox 577 2897 630 2962; x_wconf 82' lang='lat' dir='ltr'>nr</span> <span class='ocrx_word' id='word_1_179' title='bbox 654 2895 906 2962; x_wconf 79' lang='lat' dir='ltr'>mmnsrlrn</span> <span class='ocrx_word' id='word_1_180' title='bbox 931 2895 1215 2962; x_wconf 83' lang='lat' dir='ltr'>onnarcoanu.</span> 
     </span>
    </p>
   </div>
   <div class='ocr_carea' id='block_1_5' title="bbox 707 3070 889 3137">
    <p class='ocr_par' dir='ltr' id='par_1_7' title="bbox 707 3070 889 3137">
     <span class='ocr_line' id='line_1_26' title="bbox 707 3070 889 3137; baseline 0.005 -1"><span class='ocrx_word' id='word_1_181' title='bbox 707 3070 843 3136; x_wconf 81' lang='lat' dir='ltr'><strong>CAPUT</strong></span> <span class='ocrx_word' id='word_1_182' title='bbox 866 3072 889 3137; x_wconf 94' lang='lat' dir='ltr'>I.</span> 
     </span>
    </p>
   </div>
   <div class='ocr_carea' id='block_1_6' title="bbox 215 3204 1381 4166">
    <p class='ocr_par' dir='ltr' id='par_1_8' title="bbox 215 3204 1381 4166">
     <span class='ocr_line' id='line_1_27' title="bbox 319 3204 1381 3292; baseline 0.003 -20"><span class='ocrx_word' id='word_1_183' title='bbox 319 3209 494 3292; x_wconf 90' lang='lat' dir='ltr'>Praecipua</span> <span class='ocrx_word' id='word_1_184' title='bbox 516 3204 641 3292; x_wconf 83' lang='lat' dir='ltr'>semper</span> <span class='ocrx_word' id='word_1_185' title='bbox 663 3209 877 3275; x_wconf 87' lang='lat' dir='ltr'>Romanorum</span> <span class='ocrx_word' id='word_1_186' title='bbox 893 3207 1078 3274; x_wconf 90' lang='lat' dir='ltr'>Pontificum</span> <span class='ocrx_word' id='word_1_187' title='bbox 1094 3209 1381 3276; x_wconf 87' lang='lat' dir='ltr'>Praedecessornm</span> 
     </span>
     <span class='ocr_line' id='line_1_28' title="bbox 215 3294 1381 3379; baseline 0.004 -21"><span class='ocrx_word' id='word_1_188' title='bbox 215 3294 403 3361; x_wconf 87' lang='lat' dir='ltr'>Nostrorum</span> <span class='ocrx_word' id='word_1_189' title='bbox 436 3304 468 3362; x_wconf 91' lang='lat' dir='ltr'>et</span> <span class='ocrx_word' id='word_1_190' title='bbox 492 3296 703 3363; x_wconf 86' lang='lat' dir='ltr'>(lenciliornm</span> <span class='ocrx_word' id='word_1_191' title='bbox 726 3298 922 3379; x_wconf 82' lang='lat' dir='ltr'>generalium</span> <span class='ocrx_word' id='word_1_192' title='bbox 946 3315 1021 3361; x_wconf 89' lang='lat' dir='ltr'>cura</span> <span class='ocrx_word' id='word_1_193' title='bbox 1043 3296 1120 3376; x_wconf 87' lang='lat' dir='ltr'>luit,</span> <span class='ocrx_word' id='word_1_194' title='bbox 1144 3303 1180 3361; x_wconf 93' lang='lat' dir='ltr'>ut</span> <span class='ocrx_word' id='word_1_195' title='bbox 1204 3297 1323 3379; x_wconf 89' lang='lat' dir='ltr'>clerici,</span> <span class='ocrx_word' id='word_1_196' title='bbox 1347 3299 1381 3363; x_wconf 94' lang='lat' dir='ltr'>in</span> 
     </span>
     <span class='ocr_line' id='line_1_29' title="bbox 216 3384 1381 3467; baseline 0.003 -21"><span class='ocrx_word' id='word_1_197' title='bbox 216 3389 336 3448; x_wconf 89' lang='lat' dir='ltr'>sortem</span> <span class='ocrx_word' id='word_1_198' title='bbox 359 3385 485 3450; x_wconf 91' lang='lat' dir='ltr'>Domini</span> <span class='ocrx_word' id='word_1_199' title='bbox 507 3386 620 3463; x_wconf 88' lang='lat' dir='ltr'>vocati,</span> <span class='ocrx_word' id='word_1_200' title='bbox 644 3385 677 3447; x_wconf 94' lang='lat' dir='ltr'>in</span> <span class='ocrx_word' id='word_1_201' title='bbox 693 3386 837 3450; x_wconf 90' lang='lat' dir='ltr'>omnibus</span> <span class='ocrx_word' id='word_1_202' title='bbox 859 3387 979 3465; x_wconf 88' lang='lat' dir='ltr'>seipsos</span> <span class='ocrx_word' id='word_1_203' title='bbox 995 3384 1185 3465; x_wconf 86' lang='lat' dir='ltr'>praeberent</span> <span class='ocrx_word' id='word_1_204' title='bbox 1201 3386 1381 3467; x_wconf 83' lang='lat' dir='ltr'>exemplmn</span> 
     </span>
     <span class='ocr_line' id='line_1_30' title="bbox 216 3471 1380 3553; baseline 0 -17"><span class='ocrx_word' id='word_1_205' title='bbox 216 3471 366 3536; x_wconf 93' lang='lat' dir='ltr'>bonorum</span> <span class='ocrx_word' id='word_1_206' title='bbox 398 3490 538 3553; x_wconf 90' lang='lat' dir='ltr'>operum.</span> <span class='ocrx_word' id='word_1_207' title='bbox 591 3471 785 3536; x_wconf 80' lang='lat' dir='ltr'>Gravissimo</span> <span class='ocrx_word' id='word_1_208' title='bbox 819 3472 879 3538; x_wconf 89' lang='lat' dir='ltr'>hoc</span> <span class='ocrx_word' id='word_1_209' title='bbox 902 3471 1109 3553; x_wconf 71' lang='lat' dir='ltr'>apostolatus</span> <span class='ocrx_word' id='word_1_210' title='bbox 1132 3471 1242 3536; x_wconf 88' lang='lat' dir='ltr'>Nostri</span> <span class='ocrx_word' id='word_1_211' title='bbox 1273 3472 1380 3539; x_wconf 85' lang='lat' dir='ltr'>debito</span> 
     </span>
     <span class='ocr_line' id='line_1_31' title="bbox 216 3559 1379 3639; baseline 0.003 -17"><span class='ocrx_word' id='word_1_212' title='bbox 216 3560 388 3639; x_wconf 84' lang='lat' dir='ltr'>constricti,</span> <span class='ocrx_word' id='word_1_213' title='bbox 412 3559 544 3625; x_wconf 87' lang='lat' dir='ltr'>clericos</span> <span class='ocrx_word' id='word_1_214' title='bbox 567 3576 677 3624; x_wconf 86' lang='lat' dir='ltr'>omnes</span> <span class='ocrx_word' id='word_1_215' title='bbox 699 3561 732 3623; x_wconf 93' lang='lat' dir='ltr'>in</span> <span class='ocrx_word' id='word_1_216' title='bbox 755 3559 889 3624; x_wconf 91' lang='lat' dir='ltr'>Domino</span> <span class='ocrx_word' id='word_1_217' title='bbox 913 3577 1086 3636; x_wconf 76' lang='lat' dir='ltr'>monemus</span> <span class='ocrx_word' id='word_1_218' title='bbox 1112 3565 1147 3623; x_wconf 94' lang='lat' dir='ltr'>ut</span> <span class='ocrx_word' id='word_1_219' title='bbox 1170 3562 1209 3623; x_wconf 89' lang='lat' dir='ltr'>ab</span> <span class='ocrx_word' id='word_1_220' title='bbox 1233 3560 1379 3625; x_wconf 89' lang='lat' dir='ltr'>omuibus</span> 
     </span>
     <span class='ocr_line' id='line_1_32' title="bbox 216 3645 1381 3728; baseline 0.001 -18"><span class='ocrx_word' id='word_1_221' title='bbox 216 3645 421 3726; x_wconf 87' lang='lat' dir='ltr'>declinantes,</span> <span class='ocrx_word' id='word_1_222' title='bbox 446 3665 527 3728; x_wconf 88' lang='lat' dir='ltr'>qnae</span> <span class='ocrx_word' id='word_1_223' title='bbox 550 3665 604 3712; x_wconf 93' lang='lat' dir='ltr'>eos</span> <span class='ocrx_word' id='word_1_224' title='bbox 627 3646 780 3711; x_wconf 89' lang='lat' dir='ltr'>dedecent</span> <span class='ocrx_word' id='word_1_225' title='bbox 802 3648 857 3727; x_wconf 90' lang='lat' dir='ltr'>qui</span> <span class='ocrx_word' id='word_1_226' title='bbox 873 3646 987 3710; x_wconf 86' lang='lat' dir='ltr'>divinis</span> <span class='ocrx_word' id='word_1_227' title='bbox 1003 3652 1078 3710; x_wconf 91' lang='lat' dir='ltr'>sunt</span> <span class='ocrx_word' id='word_1_228' title='bbox 1093 3646 1275 3710; x_wconf 87' lang='lat' dir='ltr'>ministeriis</span> <span class='ocrx_word' id='word_1_229' title='bbox 1293 3665 1381 3711; x_wconf 87' lang='lat' dir='ltr'>man-</span> 
     </span>
     <span class='ocr_line' id='line_1_33' title="bbox 217 3731 1381 3814; baseline 0 -16"><span class='ocrx_word' id='word_1_230' title='bbox 217 3733 321 3814; x_wconf 88' lang='lat' dir='ltr'>cipati,</span> <span class='ocrx_word' id='word_1_231' title='bbox 346 3735 547 3799; x_wconf 89' lang='lat' dir='ltr'>attendentes</span> <span class='ocrx_word' id='word_1_232' title='bbox 570 3751 644 3798; x_wconf 88' lang='lat' dir='ltr'>vero</span> <span class='ocrx_word' id='word_1_233' title='bbox 667 3733 805 3812; x_wconf 91' lang='lat' dir='ltr'>lectioni,</span> <span class='ocrx_word' id='word_1_234' title='bbox 829 3733 1049 3812; x_wconf 87' lang='lat' dir='ltr'>exhortationi,</span> <span class='ocrx_word' id='word_1_235' title='bbox 1074 3733 1253 3811; x_wconf 88' lang='lat' dir='ltr'>doctrlnac,</span> <span class='ocrx_word' id='word_1_236' title='bbox 1277 3731 1381 3798; x_wconf 87' lang='lat' dir='ltr'>forma</span> 
     </span>
     <span class='ocr_line' id='line_1_34' title="bbox 215 3819 1381 3900; baseline 0 -16"><span class='ocrx_word' id='word_1_237' title='bbox 215 3821 281 3884; x_wconf 87' lang='lat' dir='ltr'>sint</span> <span class='ocrx_word' id='word_1_238' title='bbox 302 3819 441 3887; x_wconf 87' lang='lat' dir='ltr'>fidelium</span> <span class='ocrx_word' id='word_1_239' title='bbox 462 3823 495 3885; x_wconf 92' lang='lat' dir='ltr'>in</span> <span class='ocrx_word' id='word_1_240' title='bbox 516 3822 621 3900; x_wconf 86' lang='lat' dir='ltr'>verbo,</span> <span class='ocrx_word' id='word_1_241' title='bbox 645 3822 677 3884; x_wconf 86' lang='lat' dir='ltr'>in</span> <span class='ocrx_word' id='word_1_242' title='bbox 700 3821 947 3896; x_wconf 88' lang='lat' dir='ltr'>conversatione,</span> <span class='ocrx_word' id='word_1_243' title='bbox 971 3823 1004 3884; x_wconf 93' lang='lat' dir='ltr'>in</span> <span class='ocrx_word' id='word_1_244' title='bbox 1028 3819 1168 3898; x_wconf 86' lang='lat' dir='ltr'>caritate,</span> <span class='ocrx_word' id='word_1_245' title='bbox 1194 3821 1226 3883; x_wconf 95' lang='lat' dir='ltr'>in</span> <span class='ocrx_word' id='word_1_246' title='bbox 1250 3819 1322 3899; x_wconf 86' lang='lat' dir='ltr'>fide,</span> <span class='ocrx_word' id='word_1_247' title='bbox 1347 3822 1381 3885; x_wconf 93' lang='lat' dir='ltr'>in</span> 
     </span>
     <span class='ocr_line' id='line_1_35' title="bbox 216 3904 1381 3990; baseline -0.001 -17"><span class='ocrx_word' id='word_1_248' title='bbox 216 3909 383 3990; x_wconf 88' lang='lat' dir='ltr'>castitate,</span> <span class='ocrx_word' id='word_1_249' title='bbox 416 3927 478 3990; x_wconf 89' lang='lat' dir='ltr'>qno</span> <span class='ocrx_word' id='word_1_250' title='bbox 509 3910 629 3974; x_wconf 88' lang='lat' dir='ltr'>cunctis</span> <span class='ocrx_word' id='word_1_251' title='bbox 659 3904 794 3972; x_wconf 77' lang='lat' dir='ltr'>afferant</span> <span class='ocrx_word' id='word_1_252' title='bbox 828 3910 1080 3983; x_wconf 88' lang='lat' dir='ltr'>venerationem,</span> <span class='ocrx_word' id='word_1_253' title='bbox 1107 3913 1140 3971; x_wconf 93' lang='lat' dir='ltr'>et</span> <span class='ocrx_word' id='word_1_254' title='bbox 1163 3907 1316 3989; x_wconf 84' lang='lat' dir='ltr'>popmum</span> <span class='ocrx_word' id='word_1_255' title='bbox 1340 3908 1381 3972; x_wconf 87' lang='lat' dir='ltr'>ad</span> 
     </span>
     <span class='ocr_line' id='line_1_36' title="bbox 218 3991 1376 4077; baseline 0 -18"><span class='ocrx_word' id='word_1_256' title='bbox 218 3995 410 4062; x_wconf 89' lang='lat' dir='ltr'>christianae</span> <span class='ocrx_word' id='word_1_257' title='bbox 441 3995 613 4077; x_wconf 88' lang='lat' dir='ltr'>Religionis</span> <span class='ocrx_word' id='word_1_258' title='bbox 647 3995 880 4059; x_wconf 91' lang='lat' dir='ltr'>institutionem</span> <span class='ocrx_word' id='word_1_259' title='bbox 908 3992 1028 4076; x_wconf 84' lang='lat' dir='ltr'>fingant</span> <span class='ocrx_word' id='word_1_260' title='bbox 1051 4000 1146 4075; x_wconf 88' lang='lat' dir='ltr'>atque</span> <span class='ocrx_word' id='word_1_261' title='bbox 1169 3991 1376 4060; x_wconf 88' lang='lat' dir='ltr'>inflamment.</span> 
     </span>
     <span class='ocr_line' id='line_1_37' title="bbox 218 4080 1380 4166; baseline 0.003 -22"><span class='ocrx_word' id='word_1_262' title='bbox 218 4080 437 4166; x_wconf 84' lang='lat' dir='ltr'>Quapropter,</span> <span class='ocrx_word' id='word_1_263' title='bbox 461 4101 550 4148; x_wconf 90' lang='lat' dir='ltr'>sacro</span> <span class='ocrx_word' id='word_1_264' title='bbox 574 4082 633 4147; x_wconf 90' lang='lat' dir='ltr'>boc</span> <span class='ocrx_word' id='word_1_265' title='bbox 656 4081 852 4163; x_wconf 87' lang='lat' dir='ltr'>approbante</span> <span class='ocrx_word' id='word_1_266' title='bbox 875 4080 1030 4160; x_wconf 86' lang='lat' dir='ltr'>Concilio,</span> <span class='ocrx_word' id='word_1_267' title='bbox 1056 4083 1225 4146; x_wconf 84' lang='lat' dir='ltr'>canonicas</span> <span class='ocrx_word' id='word_1_268' title='bbox 1249 4083 1380 4147; x_wconf 79' lang='lat' dir='ltr'>devita</span> 
     </span>
    </p>
   </div>
   <div class='ocr_carea' id='block_1_7' title="bbox 328 4287 739 4356">
    <p class='ocr_par' dir='ltr' id='par_1_9' title="bbox 328 4287 739 4356">
     <span class='ocr_line' id='line_1_38' title="bbox 328 4287 739 4356; baseline 0.015 -15"><span class='ocrx_word' id='word_1_269' title='bbox 328 4287 347 4356; x_wconf 88' lang='lat'>¹)</span> <span class='ocrx_word' id='word_1_270' title='bbox 367 4288 477 4343; x_wconf 81' lang='lat' dir='ltr'>Catach.</span> <span class='ocrx_word' id='word_1_271' title='bbox 497 4290 574 4343; x_wconf 86' lang='lat' dir='ltr'>Rom.</span> <span class='ocrx_word' id='word_1_272' title='bbox 592 4290 625 4342; x_wconf 78' lang='lat' dir='ltr'>in</span> <span class='ocrx_word' id='word_1_273' title='bbox 644 4290 739 4355; x_wconf 76' lang='lat' dir='ltr'>Proef.</span> 
     </span>
    </p>
   </div>
   <div class='ocr_carea' id='block_1_8' title="bbox 0 0 1482 4942">
    <p class='ocr_par' dir='ltr' id='par_1_10' title="bbox 0 0 1482 4942">
     <span class='ocr_line' id='line_1_39' title="bbox 0 0 1482 4942; baseline 0 0"><span class='ocrx_word' id='word_1_274' title='bbox 0 0 1482 4942; x_wconf 95' lang='lat' dir='ltr'> </span> 
     </span>
    </p>
   </div>
  </div>
 </body>
</html>
