<?xml version="1.0" encoding="UTF-8"?>
<!DOCTYPE html PUBLIC "-//W3C//DTD XHTML 1.0 Transitional//EN"
    "http://www.w3.org/TR/xhtml1/DTD/xhtml1-transitional.dtd">
<html xmlns="http://www.w3.org/1999/xhtml" xml:lang="en" lang="en">
 <head>
  <title>
</title>
<meta http-equiv="Content-Type" content="text/html;charset=utf-8" />
  <meta name='ocr-system' content='tesseract 3.04.00' />
  <meta name='ocr-capabilities' content='ocr_page ocr_carea ocr_par ocr_line ocrx_word'/>
</head>
<body>
  <div class='ocr_page' id='page_1' title='image "./omniumconciliiv01martgoog_0036.png"; bbox 0 0 2946 4942; ppageno 0'>
   <div class='ocr_carea' id='block_1_1' title="bbox 458 310 1242 371">
    <p class='ocr_par' dir='ltr' id='par_1_1' title="bbox 458 310 1242 371">
     <span class='ocr_line' id='line_1_1' title="bbox 458 310 1242 371; baseline 0.004 -5"><span class='ocrx_word' id='word_1_1' title='bbox 458 321 498 367; x_wconf 82' lang='lat' dir='ltr'>ou</span> <span class='ocrx_word' id='word_1_2' title='bbox 522 321 671 369; x_wconf 77' lang='lat' dir='ltr'>ooomrmr</span> <span class='ocrx_word' id='word_1_3' title='bbox 695 323 871 371; x_wconf 75' lang='lat' dir='ltr'>cursonrcr.</span> <span class='ocrx_word' id='word_1_4' title='bbox 1203 310 1242 370; x_wconf 82' lang='lat'>31</span> 
     </span>
    </p>
   </div>
   <div class='ocr_carea' id='block_1_2' title="bbox 29 456 1307 3943">
    <p class='ocr_par' dir='ltr' id='par_1_2' title="bbox 81 456 1254 1062">
     <span class='ocr_line' id='line_1_2' title="bbox 82 456 1254 543; baseline 0.005 -23"><span class='ocrx_word' id='word_1_5' title='bbox 82 459 119 521; x_wconf 91' lang='lat' dir='ltr'>in</span> <span class='ocrx_word' id='word_1_6' title='bbox 136 456 259 522; x_wconf 89' lang='lat' dir='ltr'>duabus</span> <span class='ocrx_word' id='word_1_7' title='bbox 282 458 427 523; x_wconf 83' lang='lat' dir='ltr'>subsistit</span> <span class='ocrx_word' id='word_1_8' title='bbox 442 461 564 525; x_wconf 86' lang='lat' dir='ltr'>naturis</span> <span class='ocrx_word' id='word_1_9' title='bbox 580 461 736 526; x_wconf 88' lang='lat' dir='ltr'>distinctis</span> <span class='ocrx_word' id='word_1_10' title='bbox 752 467 787 527; x_wconf 90' lang='lat' dir='ltr'>et</span> <span class='ocrx_word' id='word_1_11' title='bbox 801 461 944 528; x_wconf 86' lang='lat' dir='ltr'>diversis.</span> <span class='ocrx_word' id='word_1_12' title='bbox 979 461 1027 525; x_wconf 82' lang='lat' dir='ltr'>Ex</span> <span class='ocrx_word' id='word_1_13' title='bbox 1042 480 1104 543; x_wconf 87' lang='lat' dir='ltr'>quo</span> <span class='ocrx_word' id='word_1_14' title='bbox 1119 461 1254 542; x_wconf 86' lang='lat' dir='ltr'>quidem.</span> 
     </span>
     <span class='ocr_line' id='line_1_3' title="bbox 83 544 1244 632; baseline 0.006 -25"><span class='ocrx_word' id='word_1_15' title='bbox 83 544 259 610; x_wconf 87' lang='lat' dir='ltr'>secuudum</span> <span class='ocrx_word' id='word_1_16' title='bbox 282 544 335 610; x_wconf 85' lang='lat' dir='ltr'>SS.</span> <span class='ocrx_word' id='word_1_17' title='bbox 352 546 482 611; x_wconf 85' lang='lat' dir='ltr'>Patrurn</span> <span class='ocrx_word' id='word_1_18' title='bbox 506 547 752 614; x_wconf 77' lang='lat' dir='ltr'><strong>admonitionem</strong></span> <span class='ocrx_word' id='word_1_19' title='bbox 774 548 956 632; x_wconf 77' lang='lat' dir='ltr'>intelligant</span> <span class='ocrx_word' id='word_1_20' title='bbox 979 567 1087 614; x_wconf 88' lang='lat' dir='ltr'>omnes</span> <span class='ocrx_word' id='word_1_21' title='bbox 1110 554 1244 631; x_wconf 80' lang='lat' dir='ltr'><strong>oportet,</strong></span> 
     </span>
     <span class='ocr_line' id='line_1_4' title="bbox 83 632 1244 717; baseline 0.003 -21"><span class='ocrx_word' id='word_1_22' title='bbox 83 633 251 712; x_wconf 86' lang='lat' dir='ltr'>essentiae,</span> <span class='ocrx_word' id='word_1_23' title='bbox 276 632 476 699; x_wconf 89' lang='lat' dir='ltr'>substantiae</span> <span class='ocrx_word' id='word_1_24' title='bbox 498 653 556 700; x_wconf 90' lang='lat' dir='ltr'>seu</span> <span class='ocrx_word' id='word_1_25' title='bbox 578 639 712 701; x_wconf 84' lang='lat' dir='ltr'>naturae</span> <span class='ocrx_word' id='word_1_26' title='bbox 727 639 886 703; x_wconf 89' lang='lat' dir='ltr'>notionem</span> <span class='ocrx_word' id='word_1_27' title='bbox 909 655 981 703; x_wconf 92' lang='lat' dir='ltr'>cum</span> <span class='ocrx_word' id='word_1_28' title='bbox 994 637 1122 701; x_wconf 89' lang='lat' dir='ltr'>notione</span> <span class='ocrx_word' id='word_1_29' title='bbox 1145 635 1244 717; x_wconf 79' lang='lat' dir='ltr'>hypo·-</span> 
     </span>
     <span class='ocr_line' id='line_1_5' title="bbox 82 719 1245 803; baseline 0.003 -19"><span class='ocrx_word' id='word_1_30' title='bbox 82 720 198 799; x_wconf 78' lang='lat' dir='ltr'>suasis,</span> <span class='ocrx_word' id='word_1_31' title='bbox 234 719 456 786; x_wconf 89' lang='lat' dir='ltr'>subsistentiae</span> <span class='ocrx_word' id='word_1_32' title='bbox 479 739 535 787; x_wconf 90' lang='lat' dir='ltr'>seu</span> <span class='ocrx_word' id='word_1_33' title='bbox 557 740 709 803; x_wconf 89' lang='lat' dir='ltr'>personae</span> <span class='ocrx_word' id='word_1_34' title='bbox 733 724 860 789; x_wconf 90' lang='lat' dir='ltr'>minime</span> <span class='ocrx_word' id='word_1_35' title='bbox 886 742 955 790; x_wconf 90' lang='lat' dir='ltr'>esse</span> <span class='ocrx_word' id='word_1_36' title='bbox 979 721 1245 798; x_wconf 70' lang='lat' dir='ltr'>confundendam</span> 
     </span>
     <span class='ocr_line' id='line_1_6' title="bbox 82 807 1246 893; baseline 0.003 -23"><span class='ocrx_word' id='word_1_37' title='bbox 82 825 126 870; x_wconf 89' lang='lat' dir='ltr'>ne</span> <span class='ocrx_word' id='word_1_38' title='bbox 156 825 236 871; x_wconf 85' lang='lat' dir='ltr'>cum·</span> <span class='ocrx_word' id='word_1_39' title='bbox 258 807 424 872; x_wconf 79' lang='lat' dir='ltr'>manifesta</span> <span class='ocrx_word' id='word_1_40' title='bbox 452 810 737 875; x_wconf 89' lang='lat' dir='ltr'>sacratissimorum</span> <span class='ocrx_word' id='word_1_41' title='bbox 765 813 959 893; x_wconf 82' lang='lat' dir='ltr'>dogmatum.</span> <span class='ocrx_word' id='word_1_42' title='bbox 970 810 1172 877; x_wconf 88' lang='lat' dir='ltr'>subversione</span> <span class='ocrx_word' id='word_1_43' title='bbox 1195 814 1246 874; x_wconf 89' lang='lat' dir='ltr'>tot</span> 
     </span>
     <span class='ocr_line' id='line_1_7' title="bbox 81 893 1245 978; baseline 0.002 -20"><span class='ocrx_word' id='word_1_44' title='bbox 81 912 210 975; x_wconf 87' lang='lat' dir='ltr'>semper</span> <span class='ocrx_word' id='word_1_45' title='bbox 233 893 378 959; x_wconf 87' lang='lat' dir='ltr'>dicantur</span> <span class='ocrx_word' id='word_1_46' title='bbox 399 913 469 960; x_wconf 88' lang='lat' dir='ltr'>esse</span> <span class='ocrx_word' id='word_1_47' title='bbox 492 914 656 978; x_wconf 85' lang='lat' dir='ltr'>personae,</span> <span class='ocrx_word' id='word_1_48' title='bbox 681 904 758 978; x_wconf 91' lang='lat' dir='ltr'>quot</span> <span class='ocrx_word' id='word_1_49' title='bbox 781 899 845 964; x_wconf 91' lang='lat' dir='ltr'>sint</span> <span class='ocrx_word' id='word_1_50' title='bbox 861 897 1095 963; x_wconf 80' lang='lat' dir='ltr'>intellectuales</span> <span class='ocrx_word' id='word_1_51' title='bbox 1119 899 1185 962; x_wconf 86' lang='lat' dir='ltr'>sive</span> <span class='ocrx_word' id='word_1_52' title='bbox 1208 902 1245 960; x_wconf 93' lang='lat' dir='ltr'>ut</span> 
     </span>
     <span class='ocr_line' id='line_1_8' title="bbox 81 981 663 1062; baseline 0.005 -18"><span class='ocrx_word' id='word_1_53' title='bbox 81 981 260 1062; x_wconf 91' lang='lat' dir='ltr'>loquuntur</span> <span class='ocrx_word' id='word_1_54' title='bbox 283 982 331 1047; x_wconf 89' lang='lat' dir='ltr'>sui</span> <span class='ocrx_word' id='word_1_55' title='bbox 354 984 498 1048; x_wconf 85' lang='lat' dir='ltr'>consciae</span> <span class='ocrx_word' id='word_1_56' title='bbox 520 989 663 1049; x_wconf 88' lang='lat' dir='ltr'>naturae.</span> 
     </span>
    </p>

    <p class='ocr_par' dir='ltr' id='par_1_3' title="bbox 80 1067 1245 1502">
     <span class='ocr_line' id='line_1_9' title="bbox 191 1067 1245 1152; baseline 0.002 -20"><span class='ocrx_word' id='word_1_57' title='bbox 191 1067 340 1146; x_wconf 83' lang='lat' dir='ltr'>Quamvis</span> <span class='ocrx_word' id='word_1_58' title='bbox 354 1087 429 1134; x_wconf 82' lang='lat' dir='ltr'>vero</span> <span class='ocrx_word' id='word_1_59' title='bbox 444 1069 696 1138; x_wconf 80' lang='lat' dir='ltr'>incarnationem</span> <span class='ocrx_word' id='word_1_60' title='bbox 718 1071 789 1138; x_wconf 87' lang='lat' dir='ltr'>Filii</span> <span class='ocrx_word' id='word_1_61' title='bbox 805 1069 864 1138; x_wconf 90' lang='lat' dir='ltr'>Dei</span> <span class='ocrx_word' id='word_1_62' title='bbox 879 1077 945 1138; x_wconf 88' lang='lat' dir='ltr'>tota</span> <span class='ocrx_word' id='word_1_63' title='bbox 961 1071 1097 1136; x_wconf 85' lang='lat' dir='ltr'>Trinitas</span> <span class='ocrx_word' id='word_1_64' title='bbox 1114 1076 1245 1152; x_wconf 88' lang='lat' dir='ltr'>operata</span> 
     </span>
     <span class='ocr_line' id='line_1_10' title="bbox 80 1156 1245 1240; baseline 0.001 -20"><span class='ocrx_word' id='word_1_65' title='bbox 80 1157 136 1235; x_wconf 89' lang='lat' dir='ltr'>sit,</span> <span class='ocrx_word' id='word_1_66' title='bbox 160 1157 234 1236; x_wconf 89' lang='lat' dir='ltr'>quia</span> <span class='ocrx_word' id='word_1_67' title='bbox 256 1156 479 1238; x_wconf 86' lang='lat' dir='ltr'>inseparabilia</span> <span class='ocrx_word' id='word_1_68' title='bbox 503 1165 578 1222; x_wconf 91' lang='lat' dir='ltr'>sunt</span> <span class='ocrx_word' id='word_1_69' title='bbox 600 1177 697 1240; x_wconf 90' lang='lat' dir='ltr'>opera</span> <span class='ocrx_word' id='word_1_70' title='bbox 711 1159 892 1236; x_wconf 81' lang='lat' dir='ltr'>Trinitatis3</span> <span class='ocrx_word' id='word_1_71' title='bbox 915 1158 1001 1224; x_wconf 90' lang='lat' dir='ltr'>solus</span> <span class='ocrx_word' id='word_1_72' title='bbox 1023 1164 1130 1223; x_wconf 88' lang='lat' dir='ltr'>tamen</span> <span class='ocrx_word' id='word_1_73' title='bbox 1145 1156 1245 1222; x_wconf 84' lang='lat' dir='ltr'>Filius</span> 
     </span>
     <span class='ocr_line' id='line_1_11' title="bbox 80 1243 1244 1329; baseline 0.003 -22"><span class='ocrx_word' id='word_1_74' title='bbox 80 1243 217 1308; x_wconf 84' lang='lat' dir='ltr'>formam</span> <span class='ocrx_word' id='word_1_75' title='bbox 240 1245 322 1309; x_wconf 86' lang='lat' dir='ltr'>servi</span> <span class='ocrx_word' id='word_1_76' title='bbox 343 1247 466 1325; x_wconf 85' lang='lat' dir='ltr'>accepit</span> <span class='ocrx_word' id='word_1_77' title='bbox 487 1246 521 1309; x_wconf 94' lang='lat' dir='ltr'>in</span> <span class='ocrx_word' id='word_1_78' title='bbox 543 1246 764 1327; x_wconf 82' lang='lat' dir='ltr'>singularitate</span> <span class='ocrx_word' id='word_1_79' title='bbox 787 1264 958 1329; x_wconf 86' lang='lat' dir='ltr'>personae,</span> <span class='ocrx_word' id='word_1_80' title='bbox 983 1247 1098 1310; x_wconf 90' lang='lat' dir='ltr'>nonin</span> <span class='ocrx_word' id='word_1_81' title='bbox 1122 1246 1244 1310; x_wconf 89' lang='lat' dir='ltr'>unitate</span> 
     </span>
     <span class='ocr_line' id='line_1_12' title="bbox 80 1330 1245 1416; baseline 0.002 -21"><span class='ocrx_word' id='word_1_82' title='bbox 80 1330 210 1411; x_wconf 76' lang='lat' dir='ltr'>dinnao</span> <span class='ocrx_word' id='word_1_83' title='bbox 233 1336 375 1410; x_wconf 89' lang='lat' dir='ltr'>naturae,</span> <span class='ocrx_word' id='word_1_84' title='bbox 399 1333 510 1397; x_wconf 86' lang='lat' dir='ltr'>souin</span> <span class='ocrx_word' id='word_1_85' title='bbox 534 1352 579 1413; x_wconf 86' lang='lat' dir='ltr'>eo,</span> <span class='ocrx_word' id='word_1_86' title='bbox 605 1334 689 1414; x_wconf 91' lang='lat' dir='ltr'>quod</span> <span class='ocrx_word' id='word_1_87' title='bbox 712 1341 761 1399; x_wconf 89' lang='lat' dir='ltr'>est</span> <span class='ocrx_word' id='word_1_88' title='bbox 783 1334 946 1416; x_wconf 92' lang='lat' dir='ltr'>proprium</span> <span class='ocrx_word' id='word_1_89' title='bbox 969 1332 1050 1411; x_wconf 83' lang='lat' dir='ltr'>Filii,</span> <span class='ocrx_word' id='word_1_90' title='bbox 1074 1351 1137 1397; x_wconf 91' lang='lat' dir='ltr'>non</span> <span class='ocrx_word' id='word_1_91' title='bbox 1160 1333 1245 1412; x_wconf 88' lang='lat' dir='ltr'>quod</span> 
     </span>
     <span class='ocr_line' id='line_1_13' title="bbox 80 1417 461 1502; baseline 0.005 -21"><span class='ocrx_word' id='word_1_92' title='bbox 80 1437 249 1483; x_wconf 85' lang='lat' dir='ltr'>commune</span> <span class='ocrx_word' id='word_1_93' title='bbox 271 1417 428 1483; x_wconf 84' lang='lat' dir='ltr'>Trinitati.</span> <span class='ocrx_word' id='word_1_94' title='bbox 437 1421 461 1502; x_wconf 86' lang='lat'>1)</span> 
     </span>
    </p>

    <p class='ocr_par' dir='ltr' id='par_1_4' title="bbox 48 1503 1242 1589">
     <span class='ocr_line' id='line_1_14' title="bbox 48 1503 1242 1589; baseline -0.004 -16"><span class='ocrx_word' id='word_1_95' title='bbox 48 1558 62 1573; x_wconf 66' lang='grc'><strong>,</strong></span> <span class='ocrx_word' id='word_1_96' title='bbox 191 1503 239 1569; x_wconf 83' lang='lat' dir='ltr'>Ex</span> <span class='ocrx_word' id='word_1_97' title='bbox 262 1523 323 1586; x_wconf 91' lang='lat' dir='ltr'>quo</span> <span class='ocrx_word' id='word_1_98' title='bbox 345 1506 443 1588; x_wconf 81' lang='lat' dir='ltr'>igitur</span> <span class='ocrx_word' id='word_1_99' title='bbox 465 1506 563 1571; x_wconf 81' lang='lat' dir='ltr'>Filius</span> <span class='ocrx_word' id='word_1_100' title='bbox 580 1507 648 1587; x_wconf 89' lang='lat' dir='ltr'>Dei,</span> <span class='ocrx_word' id='word_1_101' title='bbox 674 1527 693 1572; x_wconf 88' lang='lat' dir='ltr'>a</span> <span class='ocrx_word' id='word_1_102' title='bbox 715 1513 849 1589; x_wconf 88' lang='lat' dir='ltr'>paterna</span> <span class='ocrx_word' id='word_1_103' title='bbox 871 1508 974 1588; x_wconf 84' lang='lat' dir='ltr'>gloria</span> <span class='ocrx_word' id='word_1_104' title='bbox 997 1525 1060 1572; x_wconf 90' lang='lat' dir='ltr'>non</span> <span class='ocrx_word' id='word_1_105' title='bbox 1083 1505 1242 1584; x_wconf 85' lang='lat' dir='ltr'>recedens,</span> 
     </span>
    </p>

    <p class='ocr_par' dir='ltr' id='par_1_5' title="bbox 79 1592 1287 2443">
     <span class='ocr_line' id='line_1_15' title="bbox 80 1592 1244 1676; baseline 0 -21"><span class='ocrx_word' id='word_1_106' title='bbox 80 1609 167 1669; x_wconf 87' lang='lat' dir='ltr'>nova</span> <span class='ocrx_word' id='word_1_107' title='bbox 193 1592 360 1657; x_wconf 80' lang='lat' dir='ltr'>nativitate</span> <span class='ocrx_word' id='word_1_108' title='bbox 384 1600 569 1675; x_wconf 63' lang='lat' dir='ltr'>generatus</span> <span class='ocrx_word' id='word_1_109' title='bbox 604 1595 684 1661; x_wconf 91' lang='lat' dir='ltr'>haec</span> <span class='ocrx_word' id='word_1_110' title='bbox 714 1595 822 1659; x_wconf 91' lang='lat' dir='ltr'>mundi</span> <span class='ocrx_word' id='word_1_111' title='bbox 853 1592 960 1660; x_wconf 91' lang='lat' dir='ltr'>infima</span> <span class='ocrx_word' id='word_1_112' title='bbox 990 1595 1153 1676; x_wconf 88' lang='lat' dir='ltr'>ingressus</span> <span class='ocrx_word' id='word_1_113' title='bbox 1184 1597 1244 1670; x_wconf 88' lang='lat' dir='ltr'>est,</span> 
     </span>
     <span class='ocr_line' id='line_1_16' title="bbox 79 1679 1245 1762; baseline 0 -20"><span class='ocrx_word' id='word_1_114' title='bbox 79 1680 225 1745; x_wconf 91' lang='lat' dir='ltr'>humana</span> <span class='ocrx_word' id='word_1_115' title='bbox 247 1679 285 1744; x_wconf 90' lang='lat' dir='ltr'>de</span> <span class='ocrx_word' id='word_1_116' title='bbox 308 1679 385 1759; x_wconf 90' lang='lat' dir='ltr'>Deo,</span> <span class='ocrx_word' id='word_1_117' title='bbox 409 1682 464 1762; x_wconf 90' lang='lat' dir='ltr'>qui</span> <span class='ocrx_word' id='word_1_118' title='bbox 485 1699 580 1746; x_wconf 78' lang='lat' dir='ltr'>verus</span> <span class='ocrx_word' id='word_1_119' title='bbox 603 1688 652 1746; x_wconf 90' lang='lat' dir='ltr'>est</span> <span class='ocrx_word' id='word_1_120' title='bbox 674 1681 776 1761; x_wconf 92' lang='lat' dir='ltr'>homo,</span> <span class='ocrx_word' id='word_1_121' title='bbox 800 1688 831 1748; x_wconf 89' lang='lat' dir='ltr'>et</span> <span class='ocrx_word' id='word_1_122' title='bbox 855 1683 893 1747; x_wconf 90' lang='lat' dir='ltr'>de</span> <span class='ocrx_word' id='word_1_123' title='bbox 915 1682 1049 1760; x_wconf 90' lang='lat' dir='ltr'>bomine,</span> <span class='ocrx_word' id='word_1_124' title='bbox 1073 1681 1128 1761; x_wconf 86' lang='lat' dir='ltr'>qui</span> <span class='ocrx_word' id='word_1_125' title='bbox 1151 1696 1245 1745; x_wconf 93' lang='lat' dir='ltr'>verus</span> 
     </span>
     <span class='ocr_line' id='line_1_17' title="bbox 79 1765 1245 1850; baseline 0 -21"><span class='ocrx_word' id='word_1_126' title='bbox 79 1772 135 1832; x_wconf 81' lang='lat' dir='ltr'>est</span> <span class='ocrx_word' id='word_1_127' title='bbox 156 1767 257 1847; x_wconf 90' lang='lat' dir='ltr'>Deos,</span> <span class='ocrx_word' id='word_1_128' title='bbox 293 1767 397 1832; x_wconf 89' lang='lat' dir='ltr'>divina</span> <span class='ocrx_word' id='word_1_129' title='bbox 427 1769 581 1834; x_wconf 83' lang='lat' dir='ltr'>veraciter</span> <span class='ocrx_word' id='word_1_130' title='bbox 610 1770 844 1850; x_wconf 85' lang='lat' dir='ltr'>praedicantur.</span> <span class='ocrx_word' id='word_1_131' title='bbox 893 1768 1059 1834; x_wconf 89' lang='lat' dir='ltr'>Invisibilis</span> <span class='ocrx_word' id='word_1_132' title='bbox 1094 1768 1178 1831; x_wconf 92' lang='lat' dir='ltr'>euim</span> <span class='ocrx_word' id='word_1_133' title='bbox 1210 1765 1245 1830; x_wconf 90' lang='lat' dir='ltr'>in</span> 
     </span>
     <span class='ocr_line' id='line_1_18' title="bbox 79 1853 1245 1937; baseline -0.001 -19"><span class='ocrx_word' id='word_1_134' title='bbox 79 1854 151 1919; x_wconf 88' lang='lat' dir='ltr'>suis</span> <span class='ocrx_word' id='word_1_135' title='bbox 184 1853 313 1919; x_wconf 86' lang='lat' dir='ltr'>visibilis</span> <span class='ocrx_word' id='word_1_136' title='bbox 335 1853 439 1921; x_wconf 85' lang='lat' dir='ltr'>iactus</span> <span class='ocrx_word' id='word_1_137' title='bbox 462 1862 511 1921; x_wconf 90' lang='lat' dir='ltr'>est</span> <span class='ocrx_word' id='word_1_138' title='bbox 533 1856 566 1920; x_wconf 91' lang='lat' dir='ltr'>in</span> <span class='ocrx_word' id='word_1_139' title='bbox 588 1858 723 1936; x_wconf 90' lang='lat' dir='ltr'>nostris,</span> <span class='ocrx_word' id='word_1_140' title='bbox 757 1863 833 1922; x_wconf 89' lang='lat' dir='ltr'>ante</span> <span class='ocrx_word' id='word_1_141' title='bbox 855 1864 1000 1937; x_wconf 91' lang='lat' dir='ltr'>tempora</span> <span class='ocrx_word' id='word_1_142' title='bbox 1022 1871 1151 1919; x_wconf 85' lang='lat' dir='ltr'>monens</span> <span class='ocrx_word' id='word_1_143' title='bbox 1174 1869 1245 1918; x_wconf 85' lang='lat' dir='ltr'>esse</span> 
     </span>
     <span class='ocr_line' id='line_1_19' title="bbox 79 1939 1244 2026; baseline -0.002 -20"><span class='ocrx_word' id='word_1_144' title='bbox 79 1941 192 2024; x_wconf 90' lang='lat' dir='ltr'>coepit</span> <span class='ocrx_word' id='word_1_145' title='bbox 214 1959 253 2005; x_wconf 86' lang='lat' dir='ltr'>ex</span> <span class='ocrx_word' id='word_1_146' title='bbox 274 1946 424 2024; x_wconf 91' lang='lat' dir='ltr'>tempore,</span> <span class='ocrx_word' id='word_1_147' title='bbox 448 1943 650 2026; x_wconf 87' lang='lat' dir='ltr'>impassibilis</span> <span class='ocrx_word' id='word_1_148' title='bbox 673 1944 759 2008; x_wconf 90' lang='lat' dir='ltr'>Deus</span> <span class='ocrx_word' id='word_1_149' title='bbox 780 1962 844 2009; x_wconf 90' lang='lat' dir='ltr'>non</span> <span class='ocrx_word' id='word_1_150' title='bbox 868 1943 1055 2024; x_wconf 83' lang='lat' dir='ltr'>dedignatus</span> <span class='ocrx_word' id='word_1_151' title='bbox 1079 1949 1128 2005; x_wconf 85' lang='lat' dir='ltr'>ast</span> <span class='ocrx_word' id='word_1_152' title='bbox 1150 1939 1244 2005; x_wconf 92' lang='lat' dir='ltr'>homo</span> 
     </span>
     <span class='ocr_line' id='line_1_20' title="bbox 80 2027 1243 2113; baseline 0 -21"><span class='ocrx_word' id='word_1_153' title='bbox 80 2045 156 2092; x_wconf 86' lang='lat' dir='ltr'>esse</span> <span class='ocrx_word' id='word_1_154' title='bbox 179 2029 347 2109; x_wconf 90' lang='lat' dir='ltr'>passibilis,</span> <span class='ocrx_word' id='word_1_155' title='bbox 371 2035 403 2095; x_wconf 89' lang='lat' dir='ltr'>et</span> <span class='ocrx_word' id='word_1_156' title='bbox 425 2030 611 2095; x_wconf 87' lang='lat' dir='ltr'>immortalis</span> <span class='ocrx_word' id='word_1_157' title='bbox 634 2032 744 2096; x_wconf 87' lang='lat' dir='ltr'>mortis</span> <span class='ocrx_word' id='word_1_158' title='bbox 767 2031 890 2113; x_wconf 84' lang='lat' dir='ltr'>legibus</span> <span class='ocrx_word' id='word_1_159' title='bbox 913 2030 1120 2112; x_wconf 80' lang='lat' dir='ltr'>subjacere.²)</span> <span class='ocrx_word' id='word_1_160' title='bbox 1154 2027 1243 2104; x_wconf 83' lang='lat' dir='ltr'>Quae</span> 
     </span>
     <span class='ocr_line' id='line_1_21' title="bbox 79 2113 1247 2198; baseline -0.002 -18"><span class='ocrx_word' id='word_1_161' title='bbox 79 2114 213 2196; x_wconf 87' lang='lat' dir='ltr'>quidem</span> <span class='ocrx_word' id='word_1_162' title='bbox 235 2117 466 2197; x_wconf 82' lang='lat' dir='ltr'>proprietatum</span> <span class='ocrx_word' id='word_1_163' title='bbox 488 2119 651 2198; x_wconf 89' lang='lat' dir='ltr'>utriusque</span> <span class='ocrx_word' id='word_1_164' title='bbox 681 2128 814 2183; x_wconf 87' lang='lat' dir='ltr'>naturae</span> <span class='ocrx_word' id='word_1_165' title='bbox 837 2120 871 2182; x_wconf 93' lang='lat' dir='ltr'>in</span> <span class='ocrx_word' id='word_1_166' title='bbox 893 2136 956 2182; x_wconf 90' lang='lat' dir='ltr'>una</span> <span class='ocrx_word' id='word_1_167' title='bbox 978 2116 1151 2196; x_wconf 87' lang='lat' dir='ltr'>eademque</span> <span class='ocrx_word' id='word_1_168' title='bbox 1173 2113 1247 2179; x_wconf 88' lang='lat' dir='ltr'>Filii</span> 
     </span>
     <span class='ocr_line' id='line_1_22' title="bbox 79 2201 1245 2287; baseline -0.001 -21"><span class='ocrx_word' id='word_1_169' title='bbox 79 2203 146 2267; x_wconf 87' lang='lat' dir='ltr'>Dei</span> <span class='ocrx_word' id='word_1_170' title='bbox 167 2221 303 2284; x_wconf 89' lang='lat' dir='ltr'>persona</span> <span class='ocrx_word' id='word_1_171' title='bbox 318 2204 504 2285; x_wconf 87' lang='lat' dir='ltr'>communio,</span> <span class='ocrx_word' id='word_1_172' title='bbox 529 2204 609 2269; x_wconf 90' lang='lat' dir='ltr'>siout</span> <span class='ocrx_word' id='word_1_173' title='bbox 624 2205 655 2269; x_wconf 92' lang='lat' dir='ltr'>in</span> <span class='ocrx_word' id='word_1_174' title='bbox 672 2205 853 2287; x_wconf 90' lang='lat' dir='ltr'>apostolicis</span> <span class='ocrx_word' id='word_1_175' title='bbox 867 2211 900 2269; x_wconf 90' lang='lat' dir='ltr'>et</span> <span class='ocrx_word' id='word_1_176' title='bbox 915 2202 1105 2286; x_wconf 81' lang='lat' dir='ltr'>evangelicis</span> <span class='ocrx_word' id='word_1_177' title='bbox 1121 2201 1245 2283; x_wconf 88' lang='lat' dir='ltr'>scriptis</span> 
     </span>
     <span class='ocr_line' id='line_1_23' title="bbox 82 2289 1287 2373; baseline -0.002 -20"><span class='ocrx_word' id='word_1_178' title='bbox 82 2289 307 2371; x_wconf 83' lang='lat' dir='ltr'>manifestata,</span> <span class='ocrx_word' id='word_1_179' title='bbox 341 2293 389 2356; x_wconf 85' lang='lat' dir='ltr'>ite</span> <span class='ocrx_word' id='word_1_180' title='bbox 419 2296 575 2373; x_wconf 88' lang='lat' dir='ltr'>perpetuo</span> <span class='ocrx_word' id='word_1_181' title='bbox 597 2292 730 2357; x_wconf 88' lang='lat' dir='ltr'>Patrum</span> <span class='ocrx_word' id='word_1_182' title='bbox 763 2310 920 2358; x_wconf 90' lang='lat' dir='ltr'>consensu</span> <span class='ocrx_word' id='word_1_183' title='bbox 952 2292 1073 2356; x_wconf 89' lang='lat' dir='ltr'>tradita</span> <span class='ocrx_word' id='word_1_184' title='bbox 1107 2295 1138 2354; x_wconf 89' lang='lat' dir='ltr'>et</span> <span class='ocrx_word' id='word_1_185' title='bbox 1172 2306 1246 2352; x_wconf 85' lang='lat' dir='ltr'>san·</span> <span class='ocrx_word' id='word_1_186' title='bbox 1281 2361 1287 2369; x_wconf 42' lang='grc'><strong>,</strong></span> 
     </span>
     <span class='ocr_line' id='line_1_24' title="bbox 79 2378 231 2443; baseline 0.007 -1"><span class='ocrx_word' id='word_1_187' title='bbox 79 2378 151 2442; x_wconf 88' lang='lat' dir='ltr'>cita</span> <span class='ocrx_word' id='word_1_188' title='bbox 172 2382 231 2443; x_wconf 78' lang='lat' dir='ltr'>est.</span> 
     </span>
    </p>

    <p class='ocr_par' dir='ltr' id='par_1_6' title="bbox 29 2463 1307 3683">
     <span class='ocr_line' id='line_1_25' title="bbox 189 2463 1244 2548; baseline -0.006 -18"><span class='ocrx_word' id='word_1_189' title='bbox 189 2465 303 2530; x_wconf 87' lang='lat' dir='ltr'>Servat</span> <span class='ocrx_word' id='word_1_190' title='bbox 330 2465 463 2546; x_wconf 90' lang='lat' dir='ltr'>proinde</span> <span class='ocrx_word' id='word_1_191' title='bbox 491 2472 626 2548; x_wconf 86' lang='lat' dir='ltr'>utraque</span> <span class='ocrx_word' id='word_1_192' title='bbox 648 2472 763 2531; x_wconf 86' lang='lat' dir='ltr'>natura</span> <span class='ocrx_word' id='word_1_193' title='bbox 790 2467 888 2530; x_wconf 90' lang='lat' dir='ltr'>etiam</span> <span class='ocrx_word' id='word_1_194' title='bbox 908 2471 982 2546; x_wconf 92' lang='lat' dir='ltr'>post</span> <span class='ocrx_word' id='word_1_195' title='bbox 1004 2465 1154 2529; x_wconf 87' lang='lat' dir='ltr'>unionem</span> <span class='ocrx_word' id='word_1_196' title='bbox 1177 2463 1244 2526; x_wconf 89' lang='lat' dir='ltr'>sine</span> 
     </span>
     <span class='ocr_line' id='line_1_26' title="bbox 81 2549 1245 2635; baseline 0.003 -20"><span class='ocrx_word' id='word_1_197' title='bbox 81 2550 210 2618; x_wconf 85' lang='lat' dir='ltr'>deiectu</span> <span class='ocrx_word' id='word_1_198' title='bbox 232 2554 461 2635; x_wconf 87' lang='lat' dir='ltr'>proprietatem</span> <span class='ocrx_word' id='word_1_199' title='bbox 484 2571 590 2618; x_wconf 91' lang='lat' dir='ltr'>suam:</span> <span class='ocrx_word' id='word_1_200' title='bbox 625 2554 774 2634; x_wconf 89' lang='lat' dir='ltr'>quoniam</span> <span class='ocrx_word' id='word_1_201' title='bbox 796 2571 856 2618; x_wconf 89' lang='lat' dir='ltr'>nee</span> <span class='ocrx_word' id='word_1_202' title='bbox 878 2552 964 2619; x_wconf 90' lang='lat' dir='ltr'>Deus</span> <span class='ocrx_word' id='word_1_203' title='bbox 986 2556 1128 2616; x_wconf 89' lang='lat' dir='ltr'>mutatur</span> <span class='ocrx_word' id='word_1_204' title='bbox 1150 2549 1245 2619; x_wconf 74' lang='lat' dir='ltr'>misc-</span> 
     </span>
     <span class='ocr_line' id='line_1_27' title="bbox 29 2636 1245 2723; baseline -0.004 -19"><span class='ocrx_word' id='word_1_205' title='bbox 29 2638 33 2642; x_wconf 71' lang='grc'><strong>’</strong></span> <span class='ocrx_word' id='word_1_206' title='bbox 79 2638 218 2719; x_wconf 87' lang='lat' dir='ltr'>ratione,</span> <span class='ocrx_word' id='word_1_207' title='bbox 242 2659 301 2704; x_wconf 89' lang='lat' dir='ltr'>nea</span> <span class='ocrx_word' id='word_1_208' title='bbox 323 2639 416 2704; x_wconf 91' lang='lat' dir='ltr'>homo</span> <span class='ocrx_word' id='word_1_209' title='bbox 439 2642 635 2705; x_wconf 88' lang='lat' dir='ltr'>consumitur</span> <span class='ocrx_word' id='word_1_210' title='bbox 649 2641 847 2723; x_wconf 56' lang='lat' dir='ltr'>dignitates)</span> <span class='ocrx_word' id='word_1_211' title='bbox 881 2639 987 2718; x_wconf 82' lang='lat' dir='ltr'>Quare</span> <span class='ocrx_word' id='word_1_212' title='bbox 1008 2639 1091 2704; x_wconf 89' lang='lat' dir='ltr'>sicut</span> <span class='ocrx_word' id='word_1_213' title='bbox 1108 2638 1189 2702; x_wconf 84' lang='lat' dir='ltr'>duae</span> <span class='ocrx_word' id='word_1_214' title='bbox 1212 2636 1245 2700; x_wconf 91' lang='lat' dir='ltr'>in</span> 
     </span>
     <span class='ocr_line' id='line_1_28' title="bbox 79 2722 1245 2809; baseline -0.005 -16"><span class='ocrx_word' id='word_1_215' title='bbox 79 2725 212 2793; x_wconf 80' lang='lat' dir='ltr'>cbristo</span> <span class='ocrx_word' id='word_1_216' title='bbox 235 2732 379 2809; x_wconf 84' lang='lat' dir='ltr'>naturae,</span> <span class='ocrx_word' id='word_1_217' title='bbox 402 2727 449 2792; x_wconf 91' lang='lat' dir='ltr'>ita</span> <span class='ocrx_word' id='word_1_218' title='bbox 470 2728 554 2793; x_wconf 89' lang='lat' dir='ltr'>duae</span> <span class='ocrx_word' id='word_1_219' title='bbox 575 2728 755 2793; x_wconf 85' lang='lat' dir='ltr'>voluntates</span> <span class='ocrx_word' id='word_1_220' title='bbox 777 2734 810 2793; x_wconf 89' lang='lat' dir='ltr'>et</span> <span class='ocrx_word' id='word_1_221' title='bbox 825 2728 1025 2809; x_wconf 89' lang='lat' dir='ltr'>operationes</span> <span class='ocrx_word' id='word_1_222' title='bbox 1048 2722 1245 2791; x_wconf 88' lang='lat' dir='ltr'>confitendae</span> 
     </span>
     <span class='ocr_line' id='line_1_29' title="bbox 79 2810 1245 2905; baseline -0.003 -27"><span class='ocrx_word' id='word_1_223' title='bbox 79 2817 172 2905; x_wconf 83' lang='lat' dir='ltr'>sunt:</span> <span class='ocrx_word' id='word_1_224' title='bbox 195 2832 277 2881; x_wconf 90' lang='lat' dir='ltr'>unus</span> <span class='ocrx_word' id='word_1_225' title='bbox 299 2818 408 2880; x_wconf 85' lang='lat' dir='ltr'>tamen</span> <span class='ocrx_word' id='word_1_226' title='bbox 430 2819 464 2880; x_wconf 92' lang='lat' dir='ltr'>et</span> <span class='ocrx_word' id='word_1_227' title='bbox 484 2816 568 2880; x_wconf 90' lang='lat' dir='ltr'>idem</span> <span class='ocrx_word' id='word_1_228' title='bbox 590 2821 739 2897; x_wconf 89' lang='lat' dir='ltr'>operator</span> <span class='ocrx_word' id='word_1_229' title='bbox 760 2820 887 2880; x_wconf 86' lang='lat' dir='ltr'>nostrae</span> <span class='ocrx_word' id='word_1_230' title='bbox 910 2813 1033 2894; x_wconf 89' lang='lat' dir='ltr'>salutis,</span> <span class='ocrx_word' id='word_1_231' title='bbox 1055 2810 1245 2892; x_wconf 83' lang='lat' dir='ltr'>Unigenitus</span> 
     </span>
     <span class='ocr_line' id='line_1_30' title="bbox 82 2901 1246 2984; baseline -0.003 -19"><span class='ocrx_word' id='word_1_232' title='bbox 82 2901 156 2981; x_wconf 84' lang='lat' dir='ltr'>Dei,</span> <span class='ocrx_word' id='word_1_233' title='bbox 179 2903 234 2982; x_wconf 90' lang='lat' dir='ltr'>qni</span> <span class='ocrx_word' id='word_1_234' title='bbox 255 2920 313 2984; x_wconf 91' lang='lat' dir='ltr'>per</span> <span class='ocrx_word' id='word_1_235' title='bbox 336 2903 474 2968; x_wconf 87' lang='lat' dir='ltr'>divinam</span> <span class='ocrx_word' id='word_1_236' title='bbox 496 2903 619 2983; x_wconf 91' lang='lat' dir='ltr'>divina,</span> <span class='ocrx_word' id='word_1_237' title='bbox 655 2902 792 2968; x_wconf 88' lang='lat' dir='ltr'>bumana</span> <span class='ocrx_word' id='word_1_238' title='bbox 815 2921 872 2984; x_wconf 87' lang='lat' dir='ltr'>per</span> <span class='ocrx_word' id='word_1_239' title='bbox 894 2901 1065 2967; x_wconf 90' lang='lat' dir='ltr'>humanam</span> <span class='ocrx_word' id='word_1_240' title='bbox 1098 2903 1246 2963; x_wconf 85' lang='lat' dir='ltr'>naturam</span> 
     </span>
     <span class='ocr_line' id='line_1_31' title="bbox 77 2985 1246 3071; baseline -0.005 -18"><span class='ocrx_word' id='word_1_241' title='bbox 77 2987 218 3054; x_wconf 80' lang='lat' dir='ltr'>indivise</span> <span class='ocrx_word' id='word_1_242' title='bbox 241 2994 276 3054; x_wconf 90' lang='lat' dir='ltr'>et</span> <span class='ocrx_word' id='word_1_243' title='bbox 297 2988 459 3055; x_wconf 89' lang='lat' dir='ltr'>inconfuse</span> <span class='ocrx_word' id='word_1_244' title='bbox 474 2994 633 3071; x_wconf 87' lang='lat' dir='ltr'>operatur,</span> <span class='ocrx_word' id='word_1_245' title='bbox 658 3008 715 3070; x_wconf 87' lang='lat' dir='ltr'>per</span> <span class='ocrx_word' id='word_1_246' title='bbox 736 2989 870 3055; x_wconf 86' lang='lat' dir='ltr'>formam</span> <span class='ocrx_word' id='word_1_247' title='bbox 885 2989 946 3055; x_wconf 90' lang='lat' dir='ltr'>Dei</span> <span class='ocrx_word' id='word_1_248' title='bbox 968 3003 1135 3053; x_wconf 89' lang='lat' dir='ltr'>coruscans</span> <span class='ocrx_word' id='word_1_249' title='bbox 1150 2985 1246 3048; x_wconf 91' lang='lat' dir='ltr'>mira·</span> 
     </span>
     <span class='ocr_line' id='line_1_32' title="bbox 81 3072 1246 3158; baseline -0.004 -18"><span class='ocrx_word' id='word_1_250' title='bbox 81 3075 173 3155; x_wconf 90' lang='lat' dir='ltr'>culis,</span> <span class='ocrx_word' id='word_1_251' title='bbox 199 3082 232 3141; x_wconf 88' lang='lat' dir='ltr'>et</span> <span class='ocrx_word' id='word_1_252' title='bbox 253 3078 286 3140; x_wconf 91' lang='lat' dir='ltr'>in</span> <span class='ocrx_word' id='word_1_253' title='bbox 309 3075 411 3143; x_wconf 82' lang='lat' dir='ltr'>forma</span> <span class='ocrx_word' id='word_1_254' title='bbox 434 3078 518 3143; x_wconf 80' lang='lat' dir='ltr'>servi</span> <span class='ocrx_word' id='word_1_255' title='bbox 540 3077 747 3143; x_wconf 87' lang='lat' dir='ltr'>succumbens</span> <span class='ocrx_word' id='word_1_256' title='bbox 763 3077 928 3158; x_wconf 56' lang='lat' dir='ltr'>injurius)</span> <span class='ocrx_word' id='word_1_257' title='bbox 965 3077 1084 3139; x_wconf 85' lang='lat' dir='ltr'>Atvero</span> <span class='ocrx_word' id='word_1_258' title='bbox 1107 3072 1196 3137; x_wconf 89' lang='lat' dir='ltr'>carni</span> <span class='ocrx_word' id='word_1_259' title='bbox 1210 3077 1246 3136; x_wconf 89' lang='lat' dir='ltr'>et</span> 
     </span>
     <span class='ocr_line' id='line_1_33' title="bbox 79 3158 1245 3245; baseline -0.006 -16"><span class='ocrx_word' id='word_1_260' title='bbox 79 3164 232 3245; x_wconf 83' lang='lat' dir='ltr'>sanguini</span> <span class='ocrx_word' id='word_1_261' title='bbox 261 3164 455 3245; x_wconf 87' lang='lat' dir='ltr'>participans</span> <span class='ocrx_word' id='word_1_262' title='bbox 487 3184 558 3230; x_wconf 91' lang='lat' dir='ltr'>cum</span> <span class='ocrx_word' id='word_1_263' title='bbox 580 3163 764 3230; x_wconf 88' lang='lat' dir='ltr'>infirmitate</span> <span class='ocrx_word' id='word_1_264' title='bbox 796 3171 930 3243; x_wconf 84' lang='lat' dir='ltr'>naturae</span> <span class='ocrx_word' id='word_1_265' title='bbox 954 3160 1066 3244; x_wconf 91' lang='lat' dir='ltr'>culpae</span> <span class='ocrx_word' id='word_1_266' title='bbox 1089 3158 1245 3224; x_wconf 88' lang='lat' dir='ltr'>maculam</span> 
     </span>
     <span class='ocr_line' id='line_1_34' title="bbox 79 3248 1246 3333; baseline -0.003 -19"><span class='ocrx_word' id='word_1_267' title='bbox 79 3268 286 3332; x_wconf 87' lang='lat' dir='ltr'>nequaquam</span> <span class='ocrx_word' id='word_1_268' title='bbox 300 3253 449 3333; x_wconf 89' lang='lat' dir='ltr'>suscepit,</span> <span class='ocrx_word' id='word_1_269' title='bbox 473 3257 506 3318; x_wconf 89' lang='lat' dir='ltr'>et</span> <span class='ocrx_word' id='word_1_270' title='bbox 527 3251 603 3317; x_wconf 90' lang='lat' dir='ltr'>licet</span> <span class='ocrx_word' id='word_1_271' title='bbox 624 3269 700 3317; x_wconf 86' lang='lat' dir='ltr'>vero</span> <span class='ocrx_word' id='word_1_272' title='bbox 721 3252 822 3317; x_wconf 90' lang='lat' dir='ltr'>libero</span> <span class='ocrx_word' id='word_1_273' title='bbox 836 3250 969 3316; x_wconf 92' lang='lat' dir='ltr'>arbitrio</span> <span class='ocrx_word' id='word_1_274' title='bbox 985 3248 1156 3330; x_wconf 87' lang='lat' dir='ltr'>praeditus,</span> <span class='ocrx_word' id='word_1_275' title='bbox 1181 3264 1246 3311; x_wconf 89' lang='lat' dir='ltr'>non</span> 
     </span>
     <span class='ocr_line' id='line_1_35' title="bbox 78 3337 1245 3421; baseline -0.005 -18"><span class='ocrx_word' id='word_1_276' title='bbox 78 3337 187 3404; x_wconf 88' lang='lat' dir='ltr'>solum</span> <span class='ocrx_word' id='word_1_277' title='bbox 210 3356 273 3402; x_wconf 92' lang='lat' dir='ltr'>non</span> <span class='ocrx_word' id='word_1_278' title='bbox 295 3340 452 3421; x_wconf 87' lang='lat' dir='ltr'>peccavit,</span> <span class='ocrx_word' id='word_1_279' title='bbox 483 3339 541 3404; x_wconf 89' lang='lat' dir='ltr'>sed</span> <span class='ocrx_word' id='word_1_280' title='bbox 564 3357 622 3405; x_wconf 90' lang='lat' dir='ltr'>nec</span> <span class='ocrx_word' id='word_1_281' title='bbox 652 3357 784 3419; x_wconf 86' lang='lat' dir='ltr'>peccare</span> <span class='ocrx_word' id='word_1_282' title='bbox 806 3339 918 3420; x_wconf 89' lang='lat' dir='ltr'>potuit.</span> <span class='ocrx_word' id='word_1_283' title='bbox 950 3337 1026 3416; x_wconf 73' lang='lat' dir='ltr'>oui</span> <span class='ocrx_word' id='word_1_284' title='bbox 1048 3353 1150 3415; x_wconf 87' lang='lat' dir='ltr'>neque</span> <span class='ocrx_word' id='word_1_285' title='bbox 1172 3351 1245 3414; x_wconf 85' lang='lat' dir='ltr'>pas-</span> 
     </span>
     <span class='ocr_line' id='line_1_36' title="bbox 77 3420 1244 3507; baseline -0.004 -17"><span class='ocrx_word' id='word_1_286' title='bbox 77 3425 225 3490; x_wconf 86' lang='lat' dir='ltr'>sionibus</span> <span class='ocrx_word' id='word_1_287' title='bbox 255 3426 381 3491; x_wconf 87' lang='lat' dir='ltr'>animae</span> <span class='ocrx_word' id='word_1_288' title='bbox 409 3430 467 3490; x_wconf 88' lang='lat' dir='ltr'>aut</span> <span class='ocrx_word' id='word_1_289' title='bbox 490 3425 593 3491; x_wconf 88' lang='lat' dir='ltr'>carnis</span> <span class='ocrx_word' id='word_1_290' title='bbox 617 3425 875 3507; x_wconf 88' lang='lat' dir='ltr'>concupiscentiis</span> <span class='ocrx_word' id='word_1_291' title='bbox 897 3424 1085 3489; x_wconf 89' lang='lat' dir='ltr'>molestatus</span> <span class='ocrx_word' id='word_1_292' title='bbox 1110 3420 1244 3486; x_wconf 87' lang='lat' dir='ltr'>amalis</span> 
     </span>
     <span class='ocr_line' id='line_1_37' title="bbox 78 3510 1307 3595; baseline -0.005 -17"><span class='ocrx_word' id='word_1_293' title='bbox 78 3511 238 3593; x_wconf 86' lang='lat' dir='ltr'>paulatim</span> <span class='ocrx_word' id='word_1_294' title='bbox 261 3530 332 3578; x_wconf 89' lang='lat' dir='ltr'>sese</span> <span class='ocrx_word' id='word_1_295' title='bbox 356 3514 555 3595; x_wconf 64' lang='lat' dir='ltr'>separanti)</span> <span class='ocrx_word' id='word_1_296' title='bbox 579 3532 689 3578; x_wconf 85' lang='lat' dir='ltr'>verum</span> <span class='ocrx_word' id='word_1_297' title='bbox 719 3513 958 3594; x_wconf 89' lang='lat' dir='ltr'>inpurissimae</span> <span class='ocrx_word' id='word_1_298' title='bbox 984 3510 1123 3592; x_wconf 84' lang='lat' dir='ltr'>Virginis</span> <span class='ocrx_word' id='word_1_299' title='bbox 1153 3512 1244 3572; x_wconf 88' lang='lat' dir='ltr'>utero</span> <span class='ocrx_word' id='word_1_300' title='bbox 1304 3570 1307 3578; x_wconf 93' lang='grc'><em>,</em></span> 
     </span>
     <span class='ocr_line' id='line_1_38' title="bbox 79 3599 1106 3683; baseline 0 -19"><span class='ocrx_word' id='word_1_301' title='bbox 79 3600 121 3664; x_wconf 90' lang='lat' dir='ltr'>de</span> <span class='ocrx_word' id='word_1_302' title='bbox 145 3599 268 3681; x_wconf 84' lang='lat' dir='ltr'>Spiritu</span> <span class='ocrx_word' id='word_1_303' title='bbox 290 3601 406 3665; x_wconf 87' lang='lat' dir='ltr'>Sancto</span> <span class='ocrx_word' id='word_1_304' title='bbox 428 3607 559 3666; x_wconf 88' lang='lat' dir='ltr'>sanctus</span> <span class='ocrx_word' id='word_1_305' title='bbox 582 3606 752 3683; x_wconf 90' lang='lat' dir='ltr'>conceptus</span> <span class='ocrx_word' id='word_1_306' title='bbox 775 3603 808 3664; x_wconf 90' lang='lat' dir='ltr'>et</span> <span class='ocrx_word' id='word_1_307' title='bbox 829 3603 923 3665; x_wconf 92' lang='lat' dir='ltr'>natus</span> <span class='ocrx_word' id='word_1_308' title='bbox 947 3603 1006 3666; x_wconf 90' lang='lat' dir='ltr'>est.</span> <span class='ocrx_word' id='word_1_309' title='bbox 1104 3645 1106 3649; x_wconf 25' lang='grc' dir='ltr'>ι</span> 
     </span>
    </p>

    <p class='ocr_par' dir='ltr' id='par_1_7' title="bbox 73 3682 1244 3943">
     <span class='ocr_line' id='line_1_39' title="bbox 189 3682 1244 3767; baseline -0.006 -16"><span class='ocrx_word' id='word_1_310' title='bbox 189 3684 248 3751; x_wconf 49' lang='lat' dir='ltr'>Sic*</span> <span class='ocrx_word' id='word_1_311' title='bbox 271 3686 472 3752; x_wconf 90' lang='lat' dir='ltr'>nibilominus</span> <span class='ocrx_word' id='word_1_312' title='bbox 495 3689 582 3752; x_wconf 87' lang='lat' dir='ltr'>Deus</span> <span class='ocrx_word' id='word_1_313' title='bbox 616 3686 724 3752; x_wconf 81' lang='lat' dir='ltr'>dilexit</span> <span class='ocrx_word' id='word_1_314' title='bbox 754 3686 920 3767; x_wconf 93' lang='lat' dir='ltr'>mundum,</span> <span class='ocrx_word' id='word_1_315' title='bbox 954 3692 991 3751; x_wconf 92' lang='lat' dir='ltr'>nt</span> <span class='ocrx_word' id='word_1_316' title='bbox 1024 3685 1108 3749; x_wconf 84' lang='lat' dir='ltr'>buna</span> <span class='ocrx_word' id='word_1_317' title='bbox 1129 3682 1244 3747; x_wconf 90' lang='lat' dir='ltr'>Filium</span> 
     </span>
     <span class='ocr_line' id='line_1_40' title="bbox 73 3774 1244 3856; baseline -0.003 -20"><span class='ocrx_word' id='word_1_318' title='bbox 73 3792 174 3838; x_wconf 88' lang='lat' dir='ltr'>suum</span> <span class='ocrx_word' id='word_1_319' title='bbox 197 3774 397 3856; x_wconf 81' lang='lat' dir='ltr'>unigenitum</span> <span class='ocrx_word' id='word_1_320' title='bbox 419 3776 581 3840; x_wconf 85' lang='lat' dir='ltr'>victimam</span> <span class='ocrx_word' id='word_1_321' title='bbox 605 3774 710 3854; x_wconf 88' lang='lat' dir='ltr'>daret,</span> <span class='ocrx_word' id='word_1_322' title='bbox 732 3793 892 3856; x_wconf 71' lang='lat' dir='ltr'>eumque,</span> <span class='ocrx_word' id='word_1_323' title='bbox 926 3775 980 3855; x_wconf 86' lang='lat' dir='ltr'>qui</span> <span class='ocrx_word' id='word_1_324' title='bbox 1015 3790 1076 3837; x_wconf 92' lang='lat' dir='ltr'>non</span> <span class='ocrx_word' id='word_1_325' title='bbox 1110 3774 1244 3835; x_wconf 85' lang='lat' dir='ltr'>noverat</span> 
     </span>
     <span class='ocr_line' id='line_1_41' title="bbox 76 3855 1242 3943; baseline -0.003 -19"><span class='ocrx_word' id='word_1_326' title='bbox 76 3866 264 3942; x_wconf 88' lang='lat' dir='ltr'>peccatum,</span> <span class='ocrx_word' id='word_1_327' title='bbox 299 3879 356 3943; x_wconf 93' lang='lat' dir='ltr'>pro</span> <span class='ocrx_word' id='word_1_328' title='bbox 390 3864 480 3928; x_wconf 86' lang='lat' dir='ltr'>nobis</span> <span class='ocrx_word' id='word_1_329' title='bbox 515 3869 680 3943; x_wconf 91' lang='lat' dir='ltr'>peccatum</span> <span class='ocrx_word' id='word_1_330' title='bbox 713 3861 840 3928; x_wconf 85' lang='lat' dir='ltr'>iaceret.</span> <span class='ocrx_word' id='word_1_331' title='bbox 886 3860 971 3927; x_wconf 89' lang='lat' dir='ltr'>Talis</span> <span class='ocrx_word' id='word_1_332' title='bbox 994 3860 1078 3924; x_wconf 89' lang='lat' dir='ltr'>anim</span> <span class='ocrx_word' id='word_1_333' title='bbox 1101 3855 1242 3936; x_wconf 88' lang='lat' dir='ltr'>decebat,</span> 
     </span>
    </p>
   </div>
   <div class='ocr_carea' id='block_1_3' title="bbox 68 4031 1243 4382">
    <p class='ocr_par' dir='ltr' id='par_1_8' title="bbox 193 4031 681 4091">
     <span class='ocr_line' id='line_1_42' title="bbox 193 4031 681 4091; baseline 0.002 -3"><span class='ocrx_word' id='word_1_334' title='bbox 193 4036 203 4068; x_wconf 84' lang='lat'>¹</span> <span class='ocrx_word' id='word_1_335' title='bbox 234 4031 319 4091; x_wconf 85' lang='lat' dir='ltr'>Ocno.</span> <span class='ocrx_word' id='word_1_336' title='bbox 337 4035 425 4089; x_wconf 84' lang='lat' dir='ltr'>Tolet.</span> <span class='ocrx_word' id='word_1_337' title='bbox 446 4035 493 4088; x_wconf 84' lang='lat' dir='ltr'>XI.</span> <span class='ocrx_word' id='word_1_338' title='bbox 512 4033 590 4089; x_wconf 79' lang='lat' dir='ltr'>Ocni.</span> <span class='ocrx_word' id='word_1_339' title='bbox 609 4032 681 4089; x_wconf 87' lang='lat' dir='ltr'>fidei.</span> 
     </span>
    </p>

    <p class='ocr_par' dir='ltr' id='par_1_9' title="bbox 192 4103 795 4174">
     <span class='ocr_line' id='line_1_43' title="bbox 192 4103 795 4174; baseline 0.002 -18"><span class='ocrx_word' id='word_1_340' title='bbox 192 4107 202 4136; x_wconf 82' lang='lat'><strong>²</strong></span> <span class='ocrx_word' id='word_1_341' title='bbox 234 4103 261 4156; x_wconf 86' lang='lat' dir='ltr'>S.</span> <span class='ocrx_word' id='word_1_342' title='bbox 280 4105 336 4160; x_wconf 85' lang='lat' dir='ltr'>Leo</span> <span class='ocrx_word' id='word_1_343' title='bbox 354 4104 393 4159; x_wconf 90' lang='lat' dir='ltr'>M.</span> <span class='ocrx_word' id='word_1_344' title='bbox 414 4105 465 4174; x_wconf 80' lang='lat' dir='ltr'>Ep.</span> <span class='ocrx_word' id='word_1_345' title='bbox 486 4103 521 4158; x_wconf 89' lang='lat' dir='ltr'>ad</span> <span class='ocrx_word' id='word_1_346' title='bbox 539 4104 613 4158; x_wconf 80' lang='lat' dir='ltr'>Flav.</span> <span class='ocrx_word' id='word_1_347' title='bbox 688 4103 795 4171; x_wconf 81' lang='lat' dir='ltr'>³)1bid.</span> 
     </span>
    </p>

    <p class='ocr_par' dir='ltr' id='par_1_10' title="bbox 68 4169 1243 4302">
     <span class='ocr_line' id='line_1_44' title="bbox 192 4169 1243 4241; baseline -0.004 -15"><span class='ocrx_word' id='word_1_348' title='bbox 192 4176 213 4240; x_wconf 65' lang='grc'>4)</span> <span class='ocrx_word' id='word_1_349' title='bbox 233 4173 285 4241; x_wconf 83' lang='lat' dir='ltr'>Ep.</span> <span class='ocrx_word' id='word_1_350' title='bbox 304 4173 330 4228; x_wconf 85' lang='lat' dir='ltr'>S.</span> <span class='ocrx_word' id='word_1_351' title='bbox 350 4175 450 4241; x_wconf 80' lang='lat' dir='ltr'>Agath.</span> <span class='ocrx_word' id='word_1_352' title='bbox 469 4175 505 4228; x_wconf 87' lang='lat' dir='ltr'>ad</span> <span class='ocrx_word' id='word_1_353' title='bbox 524 4173 606 4228; x_wconf 84' lang='lat' dir='ltr'>Cone.</span> <span class='ocrx_word' id='word_1_354' title='bbox 627 4172 678 4240; x_wconf 81' lang='lat' dir='ltr'>Ep.</span> <span class='ocrx_word' id='word_1_355' title='bbox 698 4173 746 4226; x_wconf 92' lang='lat' dir='ltr'>lII.</span> <span class='ocrx_word' id='word_1_356' title='bbox 766 4174 847 4229; x_wconf 84' lang='lat' dir='ltr'>Cone.</span> <span class='ocrx_word' id='word_1_357' title='bbox 863 4173 923 4228; x_wconf 87' lang='lat' dir='ltr'>Lat.</span> <span class='ocrx_word' id='word_1_358' title='bbox 942 4171 962 4226; x_wconf 89' lang='lat' dir='ltr'>l.</span> <span class='ocrx_word' id='word_1_359' title='bbox 982 4171 1031 4225; x_wconf 88' lang='lat' dir='ltr'>sub</span> <span class='ocrx_word' id='word_1_360' title='bbox 1049 4171 1178 4226; x_wconf 63' lang='lat' dir='ltr'>blattina.</span> <span class='ocrx_word' id='word_1_361' title='bbox 1191 4169 1243 4237; x_wconf 81' lang='lat' dir='ltr'>Ep.</span> 
     </span>
     <span class='ocr_line' id='line_1_45' title="bbox 68 4241 384 4302; baseline 0.013 -10"><span class='ocrx_word' id='word_1_362' title='bbox 68 4243 106 4302; x_wconf 85' lang='lat' dir='ltr'>.S.</span> <span class='ocrx_word' id='word_1_363' title='bbox 128 4243 233 4297; x_wconf 84' lang='lat' dir='ltr'>Leonis</span> <span class='ocrx_word' id='word_1_364' title='bbox 252 4241 288 4296; x_wconf 88' lang='lat' dir='ltr'>ad</span> <span class='ocrx_word' id='word_1_365' title='bbox 306 4244 384 4298; x_wconf 68' lang='lat' dir='ltr'>Flac.</span> 
     </span>
    </p>

    <p class='ocr_par' dir='ltr' id='par_1_11' title="bbox 191 4311 635 4382">
     <span class='ocr_line' id='line_1_46' title="bbox 191 4311 635 4382; baseline 0.002 -16"><span class='ocrx_word' id='word_1_366' title='bbox 191 4311 213 4382; x_wconf 71' lang='grc'>5)</span> <span class='ocrx_word' id='word_1_367' title='bbox 234 4313 315 4372; x_wconf 80' lang='lat' dir='ltr'>(lonc.</span> <span class='ocrx_word' id='word_1_368' title='bbox 334 4313 443 4371; x_wconf 80' lang='lat' dir='ltr'>Oscum.</span> <span class='ocrx_word' id='word_1_369' title='bbox 462 4315 495 4369; x_wconf 86' lang='lat' dir='ltr'>V.</span> <span class='ocrx_word' id='word_1_370' title='bbox 515 4330 574 4368; x_wconf 88' lang='lat' dir='ltr'>can.</span> <span class='ocrx_word' id='word_1_371' title='bbox 596 4317 635 4367; x_wconf 80' lang='lat'>12.</span> 
     </span>
    </p>
   </div>
   <div class='ocr_carea' id='block_1_4' title="bbox 0 0 1478 4942">
    <p class='ocr_par' dir='ltr' id='par_1_12' title="bbox 0 0 1478 4942">
     <span class='ocr_line' id='line_1_47' title="bbox 0 0 1478 4942; baseline 0 1"><span class='ocrx_word' id='word_1_372' title='bbox 0 0 1478 4942; x_wconf 95' lang='lat' dir='ltr'> </span> 
     </span>
    </p>
   </div>
  </div>
 </body>
</html>
