2946 4942
157 289 218 359 llo
648 302 815 349 rosrurnrn

265 449 291 502 1⁰
337 439 493 506 Creontur
526 445 559 506 in
592 443 726 507 dirersis
760 441 920 507 Ecclesiae
958 442 1102 523 partibus
1137 439 1317 507 Seminaria

153 530 308 611 quaedam
344 529 500 610 specialia,
535 529 576 594 ad
605 530 706 593 instar
734 529 867 595 Romani
901 530 1061 594 seminarii
1083 527 1317 610 Propagandac

154 617 235 694 fidei,
259 617 309 682 vel
321 616 507 681 Parisiensis
520 615 704 680 Missionum
720 623 911 696 exterarum,
935 616 988 681 ubi
1006 616 1109 682 clerici
1132 616 1316 681 saeculares

155 704 349 769 diversarum
364 705 516 784 gentium,
533 704 587 784 qui
602 704 855 785 evangelizandis
870 702 1048 768 infidelibus
1065 704 1316 779 destinarentur,

154 791 322 873 specialem
351 792 392 857 ad
423 792 482 856 hoc
509 791 738 857 institutionem
769 794 954 873 reciperent,
989 792 1094 857 edocti
1118 790 1137 855 a
1160 790 1237 854 viris
1261 791 1315 872 qui

156 884 188 943 et
211 880 271 960 ipsi
293 883 323 943 in
347 881 546 944 missionibus
571 879 624 943 diu
647 878 855 945 laborassent.

256 989 287 1049 2⁰
309 985 440 1050 Praeter
463 986 678 1050 missionarios
693 984 903 1049 instituantur
918 985 1107 1064 inpartibus
1130 981 1315 1062 infidelium,

155 1076 308 1153 quantum
342 1078 374 1136 ct
408 1075 517 1154 quovis
551 1073 584 1137 id
617 1071 686 1137 fieri
721 1074 850 1152 poterit,
886 1071 1026 1151 scholae,
1061 1072 1248 1148 seminaria,
1283 1076 1315 1134 et

155 1163 358 1238 monasteria,
392 1179 473 1241 quae
498 1166 604 1227 essent
634 1162 722 1240 quasi
752 1159 877 1223 fomites
900 1159 1027 1240 quidam
1050 1159 1132 1239 ignis
1157 1159 1254 1238 sacri,
1283 1165 1314 1222 et

156 1248 242 1311 velut
257 1257 368 1331 centra
390 1267 427 1312 ex
451 1248 564 1328 quibus
579 1245 652 1311 fidei
675 1247 728 1309 lux
752 1256 784 1310 et
800 1246 963 1310 charitatis
987 1246 1083 1324 calor,
1108 1246 1185 1311 inibi
1201 1245 1314 1310 arden·

156 1340 215 1414 tes,
240 1337 480 1417 circumquaque
502 1336 701 1400 irradiareot.

264 1445 294 1504 3⁰
319 1439 402 1503 Nihil
425 1441 591 1504 omittatur
605 1447 651 1517 ut,
675 1441 859 1519 quantocius
883 1440 915 1503 id
931 1440 1078 1520 possibile
1094 1438 1199 1517 fuerit,
1224 1435 1314 1504 effor-

156 1535 261 1590 metur
284 1529 314 1590 in
338 1527 388 1590 bis
412 1529 592 1608 regionibus
610 1526 720 1592 Clerus
743 1526 900 1607 indigena,
926 1535 959 1590 et
982 1544 1043 1607 quo
1065 1526 1188 1591 facilius
1204 1524 1315 1591 Oleros

156 1613 209 1678 ille
224 1613 454 1696 perfectiusque
476 1615 598 1678 institui
613 1617 720 1696 possit,
744 1614 908 1678 mittantur
931 1616 963 1678 in
979 1614 1185 1695 Europeanas
1207 1618 1316 1695 partes

158 1703 384 1777 adolescentes
410 1703 451 1767 ad
474 1703 577 1766 studia
601 1703 748 1783 aptiores,
774 1703 828 1781 qui
850 1703 881 1765 iu
899 1702 1078 1767 Seminariis
1103 1702 1219 1767 nostris
1244 1701 1316 1766 edo·

158 1796 288 1854 ceantur
311 1798 343 1853 et
366 1791 546 1854 educentur.
1337 1804 1343 1810 ·

262 1894 370 1958 Liceat
394 1914 566 1975 proponere
589 1895 672 1958 aliud
697 1905 813 1972 votum,
837 1898 920 1975 quod
943 1896 1173 1977 sapientissimo
1189 1891 1221 1955 S.
1235 1892 1317 1957 Pon·

157 1980 249 2046 tiliois
269 1982 396 2064 judicio,
420 2001 488 2046 cum
511 1984 596 2046 omni
619 1984 804 2059 reverentia,
828 1984 1050 2047 submittimus.

265 2095 297 2150 4⁰
332 2086 445 2150 Statim
476 2107 513 2152 ac
536 2089 613 2152 satis
642 2106 828 2151 nunterosae
861 2094 894 2151 et
917 2087 1046 2152 stabiles
1069 2084 1318 2151 christianitates

159 2175 330 2240 coadunari
354 2175 524 2255 potuerint,
549 2176 710 2256 erigantur
732 2176 776 2239 ibi
800 2176 967 2252 dioeceses,
991 2181 1084 2255 atqua
1106 2173 1319 2237 instituantur

159 2261 318 2343 Episcopi,
342 2263 395 2341 qui
418 2280 480 2326 non
503 2267 571 2325 tam
588 2281 607 2326 a
622 2261 833 2343 Propaganda
857 2263 1021 2342 pendeant,
1046 2279 1140 2342 quarn
1164 2259 1224 2323 sub
1245 2259 1319 2341 jure

109 2346 111 2351 ’
160 2351 313 2416 communi
338 2350 409 2413 sint.
468 2348 535 2427 Quo
560 2350 650 2427 enim,
674 2351 807 2413 servatis
830 2349 962 2430 legibue,
987 2349 1108 2430 plenior
1131 2352 1181 2411 est
1202 2345 1321 2428 agendi

159 2437 299 2514 libertae,
323 2455 359 2500 eo
377 2438 551 2518 expeditior
574 2446 607 2501 et
622 2439 726 2503 acrior
748 2444 798 2501 est
814 2439 909 2513 actio;
933 2444 965 2502 et
980 2455 1031 2500 res
1054 2435 1183 2517 quaevis
1200 2433 1320 2498 elarius

161 2525 305 2590 videntur
328 2532 360 2588 et
391 2527 495 2604 aptius
525 2533 665 2606 aguntur
695 2526 796 2588 abiis
827 2526 880 2603 qui
903 2543 1001 2605 prope
1033 2531 1115 2598 sunt,
1150 2522 1320 2600 omniaque

160 2613 219 2678 sub
241 2631 337 2676 manu
359 2612 484 2678 habent.

184 2807 234 2871 De
256 2809 466 2871 schismaticis
488 2809 613 2888 praecis
636 2809 679 2871 cd
701 2809 856 2870 croitciem
880 2805 1048 2870 Ecclesiae
1071 2805 1307 2885 recoiligendis.

268 2947 317 3012 hd
333 2945 526 3011 Graecorum
550 2946 820 3011 schismaticorum
836 2947 1078 3023 conversionem,
1093 2981 1132 2990 -—
1145 2950 1211 3008 tam
1227 2952 1321 3025 opta·

162 3038 256 3101 bilem
280 3037 395 3116 utique,
419 3042 529 3116 utpote
552 3035 606 3116 qui
628 3052 701 3114 pars
725 3052 839 3114 magna
855 3033 1092 3098 christianitatis
1116 3036 1198 3108 sunt,
1226 3050 1321 3096 vene-

162 3126 260 3190 randa
288 3130 335 3188 tot
359 3122 546 3188 Sanctorum
570 3122 700 3186 Patrum
727 3130 759 3185 et
775 3121 955 3186 Doctorum
978 3119 1126 3202 prosapia
1149 3118 1322 3196 nobilitati,

163 3220 198 3293 et
218 3210 320 3289 fidem,
344 3218 553 3287 sacramenta,
577 3215 702 3275 sanctos
725 3212 812 3287 riuis,
838 3209 1099 3289 christianamque
1123 3206 1322 3287 disciplinam

163 3300 228 3366 fere
252 3301 283 3364 in
306 3299 427 3378 integro
450 3298 553 3363 adhuc
581 3304 753 3375 servantes,
792 3335 826 3341 -
865 3295 952 3375 haec,
987 3301 1137 3375 tanquam
1159 3294 1323 3375 praecipui

164 3397 197 3453 et
230 3386 355 3450 maximi
388 3386 545 3464 momenti,
580 3391 781 3450 sacrosancto
815 3381 954 3449 Concilio
989 3381 1193 3463 proponenda
1228 3381 1323 3446 nohis

162 3477 230 3540 visa
253 3479 344 3539 sunt:

272 3583 302 3641 1⁰
324 3576 437 3642 Nullae
459 3594 559 3641 novae
581 3576 750 3641 ederentur
765 3576 948 3657 dogmatum
972 3574 1175 3649 definitiones,
1199 3591 1239 3636 ex
1254 3580 1323 3653 qui·

164 3668 222 3732 bus
245 3664 449 3746 praevidendi
471 3664 558 3731 locus
582 3670 665 3728 esset
688 3682 777 3742 nova,
808 3663 1026 3744 prioribusque
1050 3662 1177 3742 maJ'ora,
1214 3663 1323 3725 unioni

165 3751 328 3836 obstacula
350 3750 519 3817 afferenda.

271 3844 303 3903 2⁰
336 3839 600 3904 Permitterentur
636 3837 849 3903 Orientalibus
881 3840 961 3903 ritus
994 3838 1052 3913 sui,
1087 3835 1324 3916 prudenterque

164 3930 319 3995 vitaretur
348 3926 499 4008 quidquid
530 3925 641 3990 falsam
671 3927 904 4007 persuasionem
934 3923 984 3989 vel
1013 3924 1221 4004 suspicionem
1245 3923 1323 4004 ipsis

165 4016 307 4095 ingerere
321 4020 430 4098 posset
445 4015 537 4095 quod,
562 4015 589 4078 si
611 4015 770 4093 uniantur,
793 4015 833 4078 ad
850 4011 1086 4094 amplectendos
1109 4011 1224 4075 latinos
1241 4011 1323 4074 ritus

166 4102 343 4181 adigantur.

273 4193 303 4252 3⁰
336 4189 426 4268 Item,
461 4189 493 4251 in
516 4189 656 4269 ipsorum
687 4188 853 4271 disciplina
876 4189 1090 4253 tolerarentur
1113 4186 1218 4250 omnia
1241 4203 1323 4265 quae

165 4274 286 4355 absque
301 4274 475 4339 divinarum
498 4276 697 4340 sanctionum
712 4274 849 4340 laesione
872 4275 999 4340 tolerari
1016 4278 1165 4356 possunt;
1189 4274 1323 4337 mammo
