2946 4942
213 322 274 383 132
575 335 733 383 soranam
757 335 1014 384 consuranorum

210 474 296 540 modi
317 475 471 538 terminus
487 492 549 539 non
564 475 698 554 amplius
721 493 740 538 a
764 475 813 539 die
836 492 897 555 quo
913 482 1104 539 memoratae
1121 474 1379 540 ConstitutIones

212 561 319 626 edItae
334 567 416 642 sunt,
442 560 496 626 sed
520 580 539 626 a
554 561 605 626 die
619 561 879 644 promulgationis
894 560 987 644 hujus
1003 561 1130 627 Decreti
1145 580 1203 642 pro
1227 560 1378 627 omnibus

211 649 485 714 indiscriminatim
518 648 673 713 PraelatIs
708 649 853 729 incipiat,
889 649 976 713 etin
1004 654 1190 730 perpetuum
1221 649 1378 731 deinceps

211 741 420 818 computetur.
897 772 908 791 .

316 823 359 886 Et
380 842 420 886 ne
442 821 608 903 praefatae
622 823 793 888 relationes
817 822 980 887 abundent
1002 824 1034 886 in
1057 822 1232 903 superfluis
1256 842 1295 889 ac
1319 824 1379 887 de·

210 909 316 974 ficiant
337 911 370 973 in
393 911 588 990 necessariis,
611 911 797 975 mandamus
819 911 948 990 insuper
963 909 1074 974 iisdem
1090 910 1253 990 PraelatIs,
1277 914 1316 974 ut
1337 911 1374 974 in

211 998 287 1078 ipsis
311 997 478 1062 exarandis
500 998 701 1061 Instructioni
730 997 781 1062 fel.
806 1016 868 1062 rec.
898 996 1062 1062 Benedicti
1084 996 1160 1062 XIII
1183 998 1375 1063 Decessoris

209 1083 318 1151 Nostri
340 1085 373 1149 in
388 1082 526 1149 Concilio
541 1085 680 1150 Romano
705 1087 778 1148 anni
805 1089 888 1148 1725
913 1084 1016 1148 editae
1033 1089 1179 1149 accurate
1202 1103 1272 1149 sese
1298 1103 1376 1151 con-

210 1171 357 1252 forment,
385 1188 496 1252 quam,
526 1178 562 1236 ut
585 1172 728 1236 omnibus
752 1190 831 1253 quae
857 1178 1106 1252 supervenerunt
1128 1172 1377 1238 necessitatibus

211 1259 400 1323 adamussim
431 1259 590 1340 provisum
621 1261 676 1339 sit,
709 1260 896 1324 auctoritate
928 1258 1046 1322 Nostra
1076 1265 1252 1340 opportune
1273 1258 1377 1325 refor-

209 1352 330 1412 matam
353 1347 385 1409 in
407 1365 500 1410 usum
531 1346 702 1411 eorundem
730 1346 918 1411 Praesulum
941 1345 1151 1429 evulgandam
1181 1347 1381 1412 curabimus.

693 1536 828 1602 cneus
851 1539 888 1602 v.
1280 1520 1285 1549 ²

530 1659 581 1724 Dc
606 1659 759 1724 Ooncr'lir's
782 1658 1048 1723 Prooiacr'olibas.
1169 1670 1173 1675 ’

316 1799 530 1865 saluberrimo
554 1798 716 1864 Ecclesiae
747 1799 891 1863 instituto
921 1798 1078 1862 sancitum
1100 1804 1161 1876 est,
1191 1802 1228 1861 nt
1250 1797 1377 1863 Metro-

210 1887 341 1967 politani
365 1906 434 1950 cum
458 1887 523 1951 suis
539 1884 752 1967 suffraganeis
775 1885 868 1949 statis
890 1884 1084 1965 temporibus
1102 1883 1275 1950 Concilium
1297 1904 1378 1966 pro·

211 1974 344 2038 vinciale
368 1974 526 2038 celebrare
541 1978 710 2037 teneantur
724 1991 781 2053 pro
796 1972 997 2037 moderandis
1012 1973 1161 2050 moribus
1177 1972 1376 2052 corrigendis

211 2061 397 2137 excessibus,
422 2061 645 2126 controversiis
662 2060 893 2141 componendis,
917 2060 1048 2140 aliisque
1065 2059 1298 2125 ecclesiastIcae
1321 2062 1372 2124 rei

211 2149 451 2214 necessitatibus
475 2148 668 2229 reparandis.
682 2149 705 2229 1)
752 2148 842 2210 Hanc
866 2146 1069 2227 discplinam,
1094 2146 1247 2227 siquando
1270 2147 1373 2212 inter·

211 2235 309 2301 missa
332 2242 413 2315 erat,
445 2255 507 2298 non
533 2235 724 2299 destiterunt
745 2235 878 2298 Romani
901 2233 1076 2313 Pontifices,
1101 2235 1291 2299 Decessores
1313 2252 1375 2299 no-

212 2323 311 2402 stri‚²)
341 2340 398 2386 nec
433 2341 495 2386 non
527 2321 736 2387 Conciliorum
759 2321 871 2385 Patres
883 2322 911 2403 3)
943 2339 1001 2401 pro
1031 2323 1105 2385 data
1133 2322 1375 2403 opportunitate

210 2411 373 2491 innovare,
402 2419 434 2473 et
456 2409 659 2474 vehementer
682 2409 852 2488 inculcaro3
885 2417 917 2472 et
939 2407 1003 2472 Nos
1027 2409 1087 2489 ipsi
1109 2409 1149 2473 ab
1172 2409 1262 2473 initio
1286 2407 1395 2485 Pon-¹

210 2495 348 2562 tificatus
371 2496 478 2562 Nostri
500 2497 541 2560 ad
564 2497 643 2561 baec
670 2515 768 2578 usque
790 2502 935 2578 tempora
964 2495 1042 2560 nihil
1064 2497 1167 2577 potius
1189 2494 1371 2574 habuimus,

211 2603 303 2665 quam
327 2591 364 2648 ut
382 2586 542 2648 variarum
565 2585 726 2648 nationum
744 2583 956 2661 Antistitibus,
981 2588 1076 2663 prout
1099 2584 1220 2648 occasio
1235 2581 1372 2662 ferebat,

210 2672 352 2737 eamdem
379 2676 518 2752 impense
553 2672 851 2736 commendaremus
908 2671 1020 2750 Itaque
1052 2671 1226 2735 recolentes
1260 2670 1370 2736 ammo

209 2759 339 2824 uberem
372 2758 509 2822 fructum
546 2776 583 2820 ex
611 2759 835 2840 redintegratis
866 2758 980 2822 alicubi
1013 2757 1192 2839 huJusmodi
1227 2757 1375 2823 coetibus

211 2846 389 2923 collectum,
423 2846 483 2909 bac
506 2846 706 2910 oecumenica
736 2844 861 2928 Synodo
890 2846 1101 2925 approbante,
1137 2845 1306 2909 statuimus
1332 2864 1371 2911 ac

211 2933 411 3011 mandamus,
442 2939 479 2996 ut
507 2932 744 3012 Metropolitani
776 2933 816 2996 ad
846 2951 988 2997 normam
1019 2950 1181 2997 sacrorum
1205 2931 1374 2998 canonum

210 3020 247 3085 o'c
270 3020 469 3103 potissimum
485 3019 659 3083 Tridentini
675 3018 813 3100 Concilii,
836 3038 893 3100 per
916 3021 1044 3101 seipsos
1068 3038 1125 3083 seu
1147 3019 1209 3084 illis
1224 3018 1371 3099 legitime

210 3108 382 3189 impeditis,
415 3106 464 3171 vel
488 3105 569 3171 Sede
592 3106 857 3188 Archiepiscopali
880 3113 1021 3185 vacante,
1054 3104 1265 3188 Coepiscopus
1287 3107 1376 3171 anti·

210 3199 300 3276 quior
322 3196 407 3259 intra
428 3195 588 3259 biennium
613 3213 632 3258 a
654 3193 716 3258 fine
738 3195 914 3274 praesentis
931 3192 1070 3272 Consilii,
1094 3212 1132 3258 ac
1155 3193 1269 3258 deinde
1291 3211 1375 3273 quo-

209 3282 288 3346 libet
310 3281 423 3345 saltem
444 3282 655 3363 quinquennio
671 3281 830 3363 Synodum
852 3282 885 3344 ln
907 3299 966 3344 sua
988 3281 1149 3361 provincia
1171 3297 1284 3360 cogere
1306 3299 1375 3346 non

211 3369 346 3448 omittat,
376 3369 437 3432 nisi
460 3370 499 3432 ob
520 3371 624 3450 justas
647 3375 679 3433 et
702 3369 867 3431 aaronitas
892 3385 1003 3431 causas
1027 3385 1046 3430 a
1067 3366 1099 3433 S.
1123 3366 1203 3432 Sede
1226 3366 1373 3448 eiusdem

210 3456 335 3522 termIni
358 3456 610 3537 prorogationem
633 3456 814 3520 obtinuerit.
1134 3527 1136 3532 .

316 3543 365 3607 Ad
388 3542 547 3625 Synodum
575 3562 683 3607 omnes
705 3542 889 3606 Provmciae
913 3540 1073 3623 Episcopi,
1105 3547 1137 3606 et
1160 3541 1214 3621 qui
1237 3541 1277 3604 de
1295 3541 1374 3622 June

208 3630 259 3696 rel
283 3630 509 3695 consuetudine
531 3632 683 3695 interesse
707 3629 831 3709 debent,
864 3630 987 3693 omnino
1011 3629 1208 3706 conveniant,
1239 3628 1278 3692 iis
1299 3632 1374 3693 tan-

209 3719 372 3782 tummodo
396 3719 532 3799 exceptis
555 3720 607 3798 qui
626 3718 766 3797 legitimo
788 3716 1012 3796 impedImento
1036 3718 1076 3781 ab
1092 3715 1234 3797 ejusdem
1251 3713 1375 3797 Synodi

209 3804 358 3870 Patribus
381 3806 633 3886 recognoscendo
657 3805 866 3869 detineantur.

209 3929 420 3942 ——-—

318 3979 340 4048 l)
360 3978 440 4033 (lonc.
454 3978 511 4031 Nic.
524 3978 545 4029 I.
564 3993 622 4032 can.
641 3981 665 4033 5.
685 3977 766 4031 Cone.
783 3976 910 4030 Chalced.
926 3993 984 4029 can.
998 3979 1039 4029 19.
1053 3975 1136 4029 Cone.
1148 3975 1208 4030 Nic.
1223 3976 1258 4029 11.
1271 3991 1334 4031 can.
1347 3977 1377 4035 6.

319 4053 342 4118 l)
362 4050 455 4103 Sixtus
477 4049 507 4100 l'.
533 4048 627 4103 Const.
645 4048 780 4099 immenso
803 4049 846 4102 22.
865 4047 972 4100 Januar
1000 4048 1077 4099 1588.
1120 4045 1220 4101 Bened.
1245 4044 1325 4097 XIII.
1344 4047 1374 4098 in

211 4118 292 4173 (lonc.
311 4120 388 4175 Rom.
402 4119 465 4171 anni
480 4121 556 4171 1725.
576 4117 630 4172 Tit.
649 4121 673 4169 2.
687 4116 752 4184 Cap.
772 4118 792 4172 l.
813 4124 839 4169 et
858 4132 914 4183 seq.
928 4116 1027 4170 Bened.
1041 4115 1113 4167 XIV.
1122 4114 1222 4194 ⁴Const.
1239 4111 1375 4181 Quamuis

210 4191 253 4242 26.
272 4191 350 4251 nug,
364 4192 427 4240 1741
451 4195 479 4241 et
498 4186 590 4239 (louet.
611 4185 769 4254 &epularis
790 4192 813 4239 l.
833 4186 906 4253 Sept.
926 4187 1048 4251 ejusdem
1067 4200 1138 4237 anm.
1202 4254 1205 4257 Ι
1294 4253 1318 4267 Η
1339 4254 1345 4266 υ

212 4329 276 4382 sess
304 4260 342 4380 2³4)
362 4257 621 4394 bgffphffirpg'
640 4273 698 4323 cap.
720 4259 759 4309 16.
779 4257 859 4309 (lonc.
879 4257 971 4309 Later.
987 4257 1016 4308 V.
1038 4260 1109 4310 sess.
1133 4261 1172 4307 lo.
1193 4257 1275 4306 Cone.
1299 4253 1375 4308 Irrd.
