2946 4942
488 352 491 359 =
519 339 559 385 nr
582 337 723 386 acernam
746 337 872 386 ennrsrr.
1228 324 1268 385 53

218 474 293 540 Pari
325 495 401 542 vero
431 478 554 544 ratione
584 477 745 554 docemus,
774 477 1002 558 imperantibus
1026 478 1058 541 in
1080 494 1157 542 suae
1180 481 1268 558 pote·

107 561 205 627 statis
228 581 288 628 usu
311 564 444 629 eandem
466 584 607 629 normam
633 565 756 631 divium
779 565 857 646 legis
881 583 952 630 esse
973 564 1173 645 sequendam.
1204 565 1280 631 Lex-

108 651 194 715 enim
217 652 346 716 moralis
369 653 435 717 sive
457 653 574 717 lumine
597 655 727 718 rationis
751 652 817 717 sive
839 672 896 733 per
918 651 1189 734 supernaturalem
1219 669 1268 717 re·

109 737 302 804 velationem
324 737 526 804 manifestata
549 741 630 805 sicut
653 759 709 822 pro
735 740 911 806 hominibus
942 740 1179 820 actionibusque
1202 739 1267 820 pri·¹

109 827 208 906 vatis,
243 827 290 891 ita
312 846 375 891 non
397 828 501 892 minus
523 846 581 908 pro
603 829 641 892 iis
664 829 717 909 qui
740 836 907 909 praesunt,
932 833 964 891 et
987 846 1044 909 pro
1068 827 1267 908 publicorum

109 930 277 978 munerum
307 914 580 981 administratione
613 916 798 997 actibusque
840 915 1007 981 socialibus
1053 932 1089 978 ac
1128 915 1265 997 politicis

110 1001 215 1082 posita
237 1006 296 1067 est.
343 1001 460 1067 Norma
482 1005 590 1084 itaque
613 1002 728 1084 agendi
751 1021 814 1068 non
837 1003 870 1067 in
892 1003 1039 1081 utilitate,
1052 1007 1108 1067 aut
1131 1002 1163 1066 in
1186 1002 1266 1066 mul-

107 1088 254 1153 titudinis
275 1090 421 1170 opinione
445 1109 481 1154 ac
504 1092 667 1155 voluntate
690 1091 838 1156 constitui
860 1096 975 1173 potest,
999 1089 1124 1170 quando
1149 1091 1191 1155 ad
1206 1089 1265 1155 illi·

109 1175 173 1240 cita
198 1194 236 1241 ac
257 1176 316 1242 Dei
338 1174 402 1259 legi
425 1180 635 1259 repugnantia
657 1177 837 1258 impellunt:
862 1179 919 1242 sed
941 1179 1119 1243 necessaria
1141 1195 1265 1247 morum

107 1263 218 1343 regula
239 1264 322 1330 sicut
344 1284 401 1346 pro
423 1266 558 1331 subditis
579 1267 625 1332 ita
648 1285 705 1346 pro
722 1266 950 1347 imperantibus
966 1267 1063 1329 etiam
1078 1265 1110 1328 in
1124 1265 1278 1346 ipsorum

105 1352 291 1416 muneribus
325 1352 581 1418 administrandis
615 1357 664 1419 est
695 1354 746 1418 lex
776 1354 835 1419 Dei
861 1353 1003 1435 jubentis
1037 1358 1092 1417 aut
1115 1353 1262 1434 vetantis,

104 1439 280 1504 secundum
309 1457 404 1520 quam
434 1459 543 1507 omnes
576 1442 609 1506 in
639 1459 785 1523 supremo
806 1441 925 1523 Judicio
950 1439 1105 1505 communi
1127 1439 1262 1507 Domino

103 1529 164 1591 aut
185 1527 317 1591 stabunt
338 1534 394 1593 aut
417 1530 541 1596 cadent.
566 1530 613 1593 De
636 1530 706 1610 ipsa
725 1535 832 1594 autem
847 1529 963 1610 agendi
978 1546 1088 1592 norma
1099 1528 1262 1610 judicium,

101 1617 261 1694 quatenus
283 1615 322 1678 de
345 1634 467 1681 morum
490 1617 665 1697 honestate,
689 1617 729 1681 de
751 1617 838 1681 licito
860 1615 910 1680 vel
933 1615 1042 1681 illicito
1058 1615 1262 1687 statuendum

97 1705 162 1780 est,
185 1720 243 1782 pro
264 1702 349 1767 civili
371 1705 468 1770 etiam
492 1706 643 1770 societate
664 1703 859 1785 publicisque
874 1704 1007 1785 negotiis
1023 1702 1064 1766 ad
1080 1720 1262 1785 supremum

60 1853 63 1857 .
99 1787 272 1855 Ecclesiae
293 1793 512 1873 magisterium
541 1793 688 1873 pertinet.
744 1791 828 1856 Sane
850 1792 883 1854 in
905 1792 957 1855 via
979 1790 1088 1855 salutis
1111 1797 1261 1856 aeternae

100 1877 248 1942 omnibus
270 1882 334 1942 tam
358 1879 492 1945 subditis
515 1897 609 1960 quam
632 1880 825 1962 principibus
847 1877 991 1943 Ecclesia
1013 1897 1033 1942 a
1057 1878 1123 1943 Deo
1146 1877 1261 1943 consti·

99 1968 175 2028 tuta
197 1969 248 2030 est
270 1965 334 2029 dux
355 1971 387 2031 et
409 1969 570 2048 magistra.
594 1966 702 2048 Neque
726 1968 765 2032 de
787 1966 1016 2048 imperantibus
1031 1966 1133 2030 minus
1149 1984 1261 2031 verum

100 2055 166 2115 est:
200 2053 255 2133 qui
278 2052 453 2120 Ecclesiam
476 2061 609 2120 matrem
633 2054 831 2133 nonhabet,
864 2054 966 2119 Deum
994 2058 1118 2134 patrem
1139 2052 1280 2118 habere·

98 2156 165 2204 non
198 2147 314 2220 potest.
367 2140 412 2207 Ut
445 2143 542 2225 igitur
576 2145 693 2223 Regem
720 2161 831 2223 regum
863 2149 985 2223 patrem
1019 2160 1057 2206 ac
1088 2142 1259 2222 propitium.

97 2225 218 2292 babere
240 2229 370 2310 possint,
395 2230 570 2296 Ecclesiam
592 2249 626 2296 se
649 2235 784 2296 matrem
807 2229 925 2295 habere
947 2248 981 2294 re
1004 2235 1036 2294 et
1058 2246 1154 2310 opere
1176 2247 1258 2305 com-¹

95 2313 235 2395 probare
256 2317 421 2396 studeant3
446 2336 547 2399 neque
570 2319 666 2383 licere
689 2319 749 2383 sibi
772 2318 952 2382 existiment
982 2317 1048 2381 sive
1070 2317 1104 2381 in
1125 2316 1258 2398 privatis

95 2401 166 2467 sive
198 2402 231 2468 in
253 2404 386 2484 publicis
419 2407 553 2488 negotiis
587 2407 627 2471 ob
649 2405 793 2488 politicas
822 2405 961 2469 rationes
986 2404 1044 2468 Dei
1074 2408 1107 2469 et
1128 2409 1259 2470 sanctae

94 2489 210 2555 matris
233 2491 393 2557 Ecclesiae
415 2493 502 2576 leges
525 2511 563 2559 ac
583 2495 655 2575 Jura
676 2493 805 2558 violare.
1201 2532 1203 2537 -

565 2826 702 2893 onear
725 2827 791 2892 xv.
1242 2859 1256 2886 2

115 2946 171 3014 De
192 2948 384 3029 mecialibas
408 2949 597 3032 quibuisdam
618 2949 782 3014 Ecclesiae
797 2948 929 3029 juribus
952 2949 988 3011 in
1012 2947 1166 3012 relatione
1188 2949 1232 3012 ed

509 3056 686 3121 societatem
709 3055 840 3120 autem.
1213 3084 1215 3089 ·

103 3261 115 3279 ,
201 3194 291 3260 Inter
305 3195 573 3261 sanctissimorum
585 3195 703 3276 jurium
718 3194 914 3275 violationes,
926 3211 1008 3276 quac
1022 3197 1133 3258 nostra
1145 3186 1260 3267 aetate'

87 3281 136 3346 ad
159 3282 304 3348 nationes
326 3284 484 3348 erroribus
507 3280 689 3350 inficiendas
713 3281 1017 3364 corrumpendosque
1039 3281 1072 3345 in
1088 3281 1132 3346 eis
1147 3296 1256 3353 morea

88 3368 283 3435 christianos
316 3375 557 3452 perpetrantur,
579 3371 636 3437 illa
663 3375 713 3436 est
735 3370 786 3437 vel
808 3371 942 3436 maxime
965 3369 1159 3451 perniciosa,
1189 3387 1253 3460 qua

63 3455 286 3543 .tr'audulenti
315 3457 457 3524 homines
490 3459 701 3537 contendunt,
736 3457 861 3525 scholas
895 3474 1001 3522 omnes
1025 3456 1191 3522 directioni
1212 3475 1253 3524 ao

86 3543 227 3612 arbitrio
248 3545 347 3611 solius
369 3546 535 3628 potestatis
556 3545 656 3612 laicae
679 3547 889 3628 subjiciendas
911 3565 990 3627 esse,
1013 3547 1059 3611 ita
1080 3551 1118 3611 ut
1139 3551 1253 3613 aucto-J

88 3632 172 3697 ritas
194 3631 357 3698 Ecclesiae
379 3634 421 3699 ad
442 3634 671 3715 providendum
692 3634 859 3714 religiosae
882 3635 1074 3700 institutioni
1089 3640 1122 3700 et
1136 3634 1252 3724 educa·2

88 3719 173 3786 tioni
190 3721 368 3803 juventutis
391 3719 581 3787 christianae
603 3721 729 3788 omnino
751 3721 952 3804 impediatur.
997 3721 1080 3800 Quin
1096 3737 1254 3804 eousque.

87 3808 251 3889 progressi
272 3814 356 3888 sunt,
381 3814 417 3873 ut
438 3809 539 3890 ipsam
560 3809 747 3875 catholicam
758 3809 941 3890 religionem
957 3828 977 3875 a
992 3809 1120 3891 publica
1134 3810 1250 3893 educaff

86 3893 177 3960 tione
204 3914 330 3976 arcere,
354 3900 449 3978 atque
470 3897 641 3962 universim
663 3896 788 3963 scholas
810 3897 927 3963 nrrllius
948 3896 1151 3979 professionis
1174 3895 1248 3965 reli-1

82 3982 210 4064 glosas,
232 3983 290 4049 sed
300 3983 474 4049 litterarius
497 3985 718 4050 tantummodo
733 4002 803 4050 esse
826 3987 943 4052 debere
966 3986 1082 4051 dicant.
1126 3982 1251 4052 conus

85 4068 270 4150 hujusmodi
300 4089 397 4136 sanae
420 4071 582 4137 doctrinae
605 4089 790 4152 morumque
813 4071 1010 4155 corruptelas
1034 4091 1072 4138 ex
1093 4072 1162 4154 ipso
1183 4070 1253 4139 lino:

86 4155 253 4224 Ecclesiae
275 4176 295 4223 a
317 4158 443 4225 Christo
467 4157 631 4225 Salvatore
654 4157 820 4239 fundatae,
853 4167 889 4224 ut
919 4159 1060 4226 homines
1083 4179 1141 4243 per
1162 4160 1245 4231 salu-

82 4248 192 4310 tarem
225 4243 320 4312 fidem
355 4265 391 4311 ac
431 4245 629 4329 disciplinam
661 4246 802 4320 docendo
840 4248 1040 4332 regendoque
1072 4247 1114 4313 ad
1137 4248 1245 4321 ,vitam
1341 4258 1355 4287 ⁸

80 4336 252 4398 aeternam
275 4333 423 4414 adducat,
446 4333 487 4399 ab
509 4335 654 4400 omnibus
670 4328 905 4417 assumendum
920 4345 969 4405 eat
981 4332 1083 4416 juset
1092 4326 1243 4417 julleium,
