2954 4936
625 323 666 369 nx
688 321 869 370 orscrrmrm.
1263 307 1324 368 177

160 462 305 543 amplius
333 462 515 543 requiratur
545 459 685 526 formalis
708 477 873 542 processus
896 460 1066 542 juridicus,
1097 462 1153 527 sed
1176 461 1325 544 Episcopi

165 549 300 615 arbitrio
323 548 529 631 relinquatur,
554 565 616 629 qua
638 547 689 611 uia
712 566 877 612 causarum
901 548 1019 613 veritas
1042 549 1084 614 sit
1106 549 1255 614 eruenda.

273 639 310 716 g)
332 636 378 704 Ut
400 654 497 718 gram
520 635 635 714 odium,
659 636 744 716 quod
765 653 823 716 per
844 641 936 700 taxas
959 654 1017 717 pro
1039 635 1325 717 dispensationibus

163 723 335 790 solvendas
358 728 468 789 contra
498 721 530 790 S
553 721 729 788 Ecclesiam
752 722 835 787 inter
861 719 968 787 fideles
991 727 1087 803 atque
1108 720 1251 789 infideles
1273 742 1325 788 ex-

161 812 293 891 citatur,
316 811 528 889 imminuatur,
544 810 690 893 petimus,
714 815 750 873 ut
765 827 888 888 causae,
912 808 951 875 ob
967 828 1045 892 quas
1060 827 1117 892 pro
1137 809 1325 893 pauperibus

167 898 344 981 dispensari
367 897 536 976 consuevit,
564 897 811 979 aequiparentur
832 897 880 976 iis,
914 903 1008 980 propt
1010 916 1044 961 er
1066 915 1143 978 quas
1165 917 1224 1027 pro
1247 897 1325 963 divi·

162 988 254 1052 tibus
277 986 469 1067 dispensatio
492 984 686 1051 conceditur

273 1073 308 1157 b)
331 1073 475 1153 Denique
507 1072 758 1150 considerantes,
794 1077 872 1152 quot
893 1076 1023 1152 paccata
1050 1076 1145 1152 atque
1174 1022 1325 1137 scandala

166 1180 226 1244 per
248 1178 369 1225 moram
400 1160 468 1224 diut
454 1164 581 1224 turriam
603 1158 689 1223 haud
711 1177 784 1223 raro
807 1159 961 1238 oriuntur,
994 1177 1076 1240 quae
1100 1178 1170 1224 cum
1193 1177 1326 1224 recursu

161 1249 210 1313 ιιι
232 1266 355 1314 sacram
378 1246 491 1313 Sedem
514 1246 727 1328 Apostolicam
749 1247 927 1311 necessario
951 1247 1119 1329 conjuncta
1142 1253 1191 1311 est
1215 1252 1247 1312 et
1268 1264 1326 1328 per

162 1338 326 1401 curiarum
348 1333 444 1400 feries
467 1352 560 1416 saepe
575 1333 667 1398 valde
682 1332 899 1414 prolongatur,
922 1332 1094 1398 humillime
1119 1339 1214 1415 atque
1236 1335 1325 1399 enixe

167 1424 314 1505 petimus,
345 1422 436 1487 utin
458 1421 554 1485 rebus
576 1421 858 1486 matrimonialibus
882 1440 1064 1503 quocunqne
1086 1422 1166 1485 anari
1188 1427 1325 1502 tempore

161 1511 285 1592 absque
306 1530 397 1575 mora
420 1509 671 1591 dispensationes
694 1508 910 1590 expediantur.

721 1716 777 1780 III.

274 1857 467 1924 Gasuumt
435 1864 467 1924 et
490 1876 695 1923 censurarum
718 1855 845 1922 Summo
869 1854 1013 1922 Pontifici
1035 1864 1270 1922 reservatomm
1292 1856 1325 1921 in

163 1946 330 2029 praesenti
352 1952 459 2010 tentus
490 1953 538 2010 est
561 1963 710 2012 numerus
742 1949 776 2008 ιι
797 1947 887 2007 tanta
917 1944 1191 2022 incertitudo‚ut
1177 1943 1323 2010 texinde

161 2034 266 2099 dubia
287 2033 443 2099 mulae
474 2031 606 2097 difficolt
592 2039 676 2098 tates
700 2031 865 2113 Episcopis
889 2036 922 2096 et
908 2028 1151 2096 tConlessariis
1175 2031 1325 2096 oriantur

164 2139 280 2203 parum
303 2126 411 2185 autem
435 2120 565 2184 ιιιιιιιι
542 2127 583 2184 trs
606 2121 782 2220 proveniat
818 2117 991 2200 Propterea
1014 2119 1147 2184 maxime
1170 2118 1328 2190 desidera·

165 2226 248 2288 mus,
272 2212 440 2273 uteorum
470 2208 634 2289 catalogus
657 2207 805 2272 revisioni
832 2211 865 2271 et
851 2205 1007 2271 ιιιιιιι
984 2206 1063 2270 troni
1085 2206 1274 2288 subjiciatur
1296 2207 1328 2268 ι

166 2296 200 2361 in
223 2295 327 2378 specie
357 2312 524 2374 censurae,
560 2312 638 2374 quas
668 2301 781 2359 vocant
811 2293 897 2357 latae
920 2295 1097 2358 sententiae
1124 2298 1180 2358 aut
1202 2292 1327 2358 omnino

163 2382 332 2462 tollantur,
349 2387 406 2446 aut
428 2382 468 2445 ad
484 2399 616 2462 parvum
632 2382 799 2446 criminum
822 2382 954 2444 maxime
971 2380 1144 2445 enormium
1160 2397 1326 2444 numerum

165 2470 379 2547 reducantur3
405 2467 574 2534 facultates
598 2474 714 2547 autem,
743 2468 856 2549 quibus
880 2468 1026 2549 Episcopi
1053 2466 1094 2532 ad
1116 2469 1254 2533 muneris
1278 2467 1328 2530 sui

165 2557 475 2627 administrationem
499 2557 691 2621 ordinariam
721 2554 874 2636 indigent,
906 2571 969 2619 non
999 2555 1041 2618 ad
1063 2554 1325 2636 Quinquennium,

164 2644 226 2712 sed
242 2643 285 2709 ad
299 2645 439 2708 muneris
455 2644 653 2709 durationem
676 2642 899 2723 concedantur,
915 2643 1179 2722 quemadmodum
1194 2660 1214 2708 a
1229 2641 1327 2708 Sacra

164 2730 423 2814 congregatione
447 2731 486 2794 de
502 2729 595 2813 Prop.
623 2731 701 2795 Fide
716 2730 851 2794 vicariis
866 2729 1054 2809 Apostolicis
1071 2729 1200 2796 concedi
1214 2729 1326 2795 solent.

724 2939 776 3005 IV.

276 3079 428 3158 Petimus,
463 3085 499 3143 ut
529 3079 659 3162 regulae
681 3078 808 3157 Indicis,
843 3095 922 3158 quae
945 3079 1060 3160 partim
1091 3079 1123 3142 in
1147 3078 1325 3160 regionibus

162 3167 275 3232 mixtis
297 3184 457 3246 nunquam
491 3168 616 3232 omnino
650 3166 811 3231 observari
843 3170 1006 3247 poterant,
1041 3166 1157 3246 partim
1189 3182 1265 3229 vero
1288 3163 1327 3228 ob

158 3254 297 3319 omnino
320 3254 520 3317 immutatum
544 3253 702 3318 societatis
733 3253 890 3316 humanae
913 3259 947 3317 ιι
969 3253 1001 3317 ιι
1024 3253 1128 3333 specie
1151 3252 1197 3317 rei
1219 3252 1326 3316 litera·

163 3341 236 3406 riae
259 3345 379 3405 statum
401 3341 433 3404 in
455 3341 619 3422 praesenti
640 3358 794 3420 nusquam
808 3340 874 3404 ιιιι
896 3341 1056 3404 observari
1079 3344 1219 3422 possunt,
1242 3340 1328 3404 ideo-

158 3446 232 3511 que
254 3427 372 3492 multas
395 3429 655 3492 conscientiarum
685 3428 860 3492 anxietates
884 3432 916 3492 et
939 3426 1203 3492 confessariomm
1233 3426 1329 3490 dubia

154 3519 373 3666 provocant,t
376 3516 496 3580 recenti
511 3533 659 3580 revrsrom
675 3520 707 3579 ι
693 3515 848 3579 ιιιιιιιι
825 3515 905 3579 troni
920 3514 1051 3580 submit
1025 3519 1092 3578 tatn
1093 3520 1154 3578 tur
1188 3513 1328 3578 Petimus

155 3605 373 3703 quoquaut
336 3620 555 3666 unovorum
588 3602 741 3668 librorum
764 3619 897 3668 censura
926 3620 989 3666 non
1012 3602 1190 3684 promulget
1192 3620 1237 3679 ur,
1269 3601 1328 3665 nisi

156 3691 259 3771 prius
293 3669 402 3754 audito
435 3690 572 3754 auctoris
595 3689 774 3770 Ordinatio,
810 3691 885 3790 quia
918 3689 1002 3755 haud
1033 3708 1108 3755 raro
1139 3689 1258 3768 evenit,
1293 3696 1330 3752 ut

157 3776 292 3857 absque
317 3793 468 3841 censurae
501 3776 711 3858 publicatione
734 3779 850 3843 erroris
873 3784 1002 3843 revocat
1003 3777 1032 3842 io
988 3776 1137 3841 teffici
1159 3775 1274 3855 valeat,
1303 3776 1330 3840 si

158 3867 285 3928 auctor
307 3862 408 3928 bonae
431 3864 473 3928 sit
494 3863 677 3928 voluntatis.

734 4072 771 4135 V.

279 4208 395 4275 Forma
425 4228 592 4292 processus
621 4210 764 4276 canonici
789 4210 881 4274 hodie
913 4211 946 4274 in
980 4210 1111 4276 diversis
1134 4211 1331 4278 dioecesibus

163 4296 270 4364 ualde
294 4298 401 4363 existit
423 4299 561 4389 diversa3
586 4316 684 4382 quare
706 4297 878 4362 humillime
892 4298 1037 4380 petimus,
1060 4305 1096 4362 ut
1120 4305 1208 4365 certa
1230 4298 1331 4365 forma

226 4414 351 4470 Martia,
366 4417 521 4462 Documenta.
548 4417 610 4461 Edit.
624 4418 655 4461 11.
675 4394 677 4399 Α
979 4414 982 4418 ’
1191 4405 1224 4456 12
