2946 4942
607 378 644 424 DE
667 376 847 425 DISCIPLINA.

250 596 253 605 ι
316 550 367 615 De
389 550 602 631 modificando
626 551 899 616 clandestinttatis
921 550 1152 631 impedimento.

260 688 292 754 Si
314 689 373 754 hoc
395 690 653 771 impedimentum
677 691 826 755 dirimens
848 690 1038 754 servandum
1057 690 1226 772 judicetur,
1251 690 1313 755 sal-

150 784 218 842 tem
242 777 288 842 ita
311 783 540 858 attemperetur
562 778 701 843 conditio
724 795 804 859 quae
827 778 931 858 exigit,
955 780 1013 842 sub
1029 796 1131 857 poena
1147 778 1312 862 nullitatis,

148 865 367 946 ‘praesentiam
383 865 516 945 proprii
539 866 710 929 sacerdotis
734 864 891 930 exclusive
915 865 955 929 ad
978 864 1090 945 alium,
1120 871 1156 929 ut
1186 867 1218 929 in
1241 883 1312 947 pos·

151 957 257 1016 terum
280 952 459 1033 gravissimi
481 953 574 1034 hujus
598 959 780 1018 contractus
804 957 836 1016 et
868 953 1058 1016 sacramenti
1081 952 1228 1018 validitas
1250 971 1314 1017 non

147 1039 332 1121 dependeat
367 1058 405 1103 ex
435 1045 502 1103 tam
536 1039 679 1104 facilibus
713 1040 873 1105 erroribus
907 1039 960 1120 qui
996 1041 1080 1104 circa
1113 1040 1313 1120 quaestiones

151 1125 318 1203 dornicitii,
343 1144 380 1190 ac
403 1133 631 1207 consequenter
655 1127 739 1192 circa
761 1126 948 1208 qualitatem
972 1126 1106 1207 proprii
1128 1128 1313 1205 sacerdotis,

152 1213 229 1276 oriri
252 1218 285 1277 et
300 1213 471 1295 subrepere
486 1221 634 1294 possunt:
659 1215 742 1278 unde
767 1213 802 1279 fit
817 1220 854 1277 ut
870 1213 970 1278 multa
984 1215 1194 1293 matrimonia,
1218 1216 1314 1280 etiarn

151 1300 187 1363 in
209 1298 288 1365 facie
305 1299 467 1366 Ecclesiae
492 1307 660 1380 contracta,
685 1301 771 1365 nulla
793 1303 865 1366 sint.
912 1299 1057 1366 Sufficiat
1080 1320 1155 1382 ergo
1174 1302 1313 1383 exigere,

152 1387 213 1452 sub
236 1389 361 1469 peccati
383 1395 417 1453 et
448 1406 601 1452 censurae
629 1406 745 1471 poena,
783 1408 847 1453 non
882 1395 988 1453 autem
1024 1407 1093 1453 cum
1122 1389 1315 1454 matrimonii

151 1474 342 1555 irritatione,
366 1480 402 1540 ut
424 1475 528 1539 nullus
552 1477 713 1556 sacerdos,
747 1477 807 1542 nisi
827 1477 997 1556 proprias,
1026 1482 1083 1541 aut
1106 1478 1145 1541 ab
1169 1495 1206 1541 eo
1230 1476 1313 1542 dele-

150 1567 257 1641 gatus,
281 1563 512 1628 matrimonium
535 1570 718 1644 praesumat
741 1564 912 1629 celebrare.

258 1649 358 1714 Valde
382 1652 477 1714 etiarn
492 1657 725 1731 opportunum,
739 1659 772 1716 et
790 1650 987 1733 benignitate
1003 1650 1165 1716 Ecclesiae
1188 1652 1314 1718 omnino

148 1735 283 1818 dignum
307 1753 378 1802 esse
400 1739 568 1816 videretur,
592 1738 686 1803 simul
710 1743 743 1802 et
774 1739 873 1803 menti
896 1737 1025 1803 Consilii
1059 1738 1236 1804 Tridentini
1258 1757 1314 1820 ap-

150 1823 253 1904 prime
269 1841 447 1903 consonum,
465 1831 500 1889 ut
512 1825 713 1890 matrimonia
728 1827 969 1907 protestantium
986 1831 1018 1890 et
1034 1825 1314 1907 schismaticorum,

145 1928 285 1992 quorum
309 1910 388 1977 beu!
413 1913 459 1976 ita
474 1914 612 1977 excrevit
628 1931 787 1993 numerus,
812 1914 885 1978 huic
900 1913 1058 1993 nullitatis
1082 1931 1208 1993 causae,
1231 1931 1313 1994 quac

155 2016 197 2062 ex
224 1999 449 2079 impedimento
485 1999 751 2066 clandestinitatis
782 2002 930 2083 emergit,
965 2000 1075 2064 nullibi
1107 2002 1172 2082 jam
1210 1999 1315 2067 forent

149 2085 300 2150 obnoxia.

232 2277 385 2342 Latiares
403 2278 576 2355 facultates
598 2278 779 2360 Episcopis,
803 2280 848 2343 ad
869 2279 1121 2360 dispensandam
1144 2297 1241 2358 saper

382 2383 617 2462 impedimentis
639 2384 845 2461 matrimonii,
871 2384 1093 2449 concedendae.

262 2521 449 2586 Latissimae
473 2521 640 2588 facultates
657 2523 698 2587 ad
713 2523 959 2605 dispensandum
974 2541 1068 2605 super
1083 2523 1316 2604 impedimentis

151 2608 363 2687 matrimonii,
398 2616 466 2673 tum
494 2617 567 2674 ante
596 2609 854 2688 celebrationem,
889 2618 957 2674 turn
980 2619 1068 2692 post,
1104 2616 1137 2675 et
1165 2612 1262 2676 etiarn
1285 2613 1316 2676 in

153 2695 274 2775 radice,
300 2694 464 2778 Episcopis
487 2697 633 2762 omnibus
657 2699 881 2763 concedantur:
912 2699 995 2779 quod
1026 2717 1088 2762 non
1116 2717 1172 2779 per
1194 2699 1318 2785 indulta

153 2787 378 2864 temporanea,
412 2785 469 2848 sed
503 2803 559 2866 per
590 2786 715 2849 ruodum
747 2787 829 2868 juris
861 2785 914 2849 fixi
945 2792 977 2849 et
999 2786 1212 2867 permanentis
1238 2784 1316 2867 fieri,

154 2871 295 2951 benigne
317 2872 488 2936 concedere
510 2873 657 2952 dignetur·
688 2874 718 2937 S.
742 2872 895 2938 Pontifex.
940 2872 1017 2938 illae
1047 2881 1155 2938 tamen
1181 2873 1213 2938 S.
1236 2874 1318 2939 Pon-

153 2955 234 3022 tifici
257 2975 381 3039 semper
403 2967 583 3024 reservatae
610 2967 758 3024 maneant
788 2961 1056 3040 dispensationes,
1091 2979 1171 3040 quae
1193 2960 1341 3026 nonnisix

155 3062 231 3110 raro
256 3050 288 3109 et
310 3053 440 3127 propter
462 3049 622 3128 graviores
646 3066 757 3112 causas
781 3048 850 3112 dari
873 3048 985 3112 solent.
1005 3051 1028 3130 ¹)

268 3257 327 3323 „An
355 3254 498 3322 expediret
526 3255 624 3310 tollere
652 3256 742 3322 quarti
762 3256 864 3323 gradus
883 3256 1054 3324 affinitatem,
1083 3265 1110 3312 et
1130 3256 1318 3325 consanguini-

158 3331 259 3393 tatem3
285 3327 349 3379 item
368 3325 561 3392 impedimenta
579 3327 733 3392 spiritualis
753 3327 1011 3395 consanguinitatis;
1037 3328 1101 3381 item
1126 3326 1320 3394 impedimenta

158 3393 287 3462 publicae
306 3396 485 3449 honestatis.“
523 3395 639 3464 (Postul.
658 3395 788 3463 Episcop.
808 3398 880 3462 Ital.)

269 3465 393 3531 ,Gradus
412 3466 668 3533 consanguinitatis,
689 3475 716 3519 et
735 3466 893 3531 affinitatis,
923 3474 950 3520 et
974 3468 1145 3534 cognationis
1169 3467 1319 3534 spiritualis

159 3540 275 3671 ἓοερθιιῖ
292 3536 390 3603 mium,
410 3542 440 3588 ut
463 3535 596 3589 tollantur
621 3535 852 3604 dispensationum
879 3538 1003 3592 causae.“
1042 3537 1160 3605 (Postul.
1184 3537 1320 3597 variorum

187 3619 255 3671 pasc.

269 3674 343 3742 „Nec
367 3680 494 3743 quartus,
524 3691 573 3728 nec
601 3675 699 3729 tertius
724 3677 807 3728 etiarn
832 3675 990 3740 affinitatis,
1019 3677 1320 3743 consanguinitatisque

161 3743 263 3809 gradus
290 3745 474 3799 contrahendo
503 3745 570 3797 nihil
597 3745 707 3798 obstent
734 3747 908 3812 imposterum
935 3746 1056 3811 legitimo
1084 3746 1266 3800 matrimonio.
1286 3775 1318 3785 —

163 3813 265 3880 „Nulla
283 3816 365 3867 etitem
384 3816 473 3868 obstet
492 3815 682 3868 contrahendo
702 3818 831 3882 cognatio
845 3817 1006 3883 spiritualis,
1021 3832 1105 3881 quam
1118 3832 1188 3882 quae
1202 3817 1321 3870 levatum

162 3882 233 3936 inter
252 3891 280 3937 et
299 3885 432 3938 levantem
459 3885 575 3938 oritur.“
604 3914 638 3923 —
667 3887 796 3940 Publicae
824 3903 889 3940 vero
918 3887 1072 3939 honestatis
1101 3886 1321 3952 impedimentum

163 3953 367 4091 {algoldictum
386 3956 494 4008 omnino
514 3955 696 4009 revocandum
715 3957 750 4008 ab
768 3957 906 4022 aliquibus
927 3956 1077 4010 censetur.“
1100 3956 1217 4021 (Postul.
1237 3955 1321 4022 Regis

187 4023 250 4077 usit.

270 4093 330 4159 ,An
349 4094 514 4149 moderanda
533 4101 607 4148 esset
626 4096 670 4148 lex
696 4096 729 4148 do
758 4104 881 4161 tempore
905 4112 957 4161 quo
984 4097 1094 4162 nuptiae
1114 4095 1319 4161 prohibentur.“

164 4159 284 4226 (Postul.
304 4164 433 4231 Episcop.
454 4166 531 4229 ital.)

272 4235 293 4302 ¹]
315 4233 469 4301 „ordinarii
487 4235 514 4287 in
533 4235 595 4289 foro
615 4236 799 4290 conscientiae
817 4235 939 4303 possint,
967 4242 1104 4289 annuente
1132 4235 1159 4293 S.
1177 4234 1321 4303 Pontifice,

165 4298 324 4369 dispensare
343 4319 429 4372 super
447 4305 646 4372 impedimentis
666 4306 781 4359 occultis
804 4305 832 4358 in
858 4320 942 4360 causa
960 4305 1178 4361 matrimoniali.“
1206 4305 1320 4370 (Postul.
1368 4344 1373 4348 .

165 4373 262 4430 rarior.
281 4373 375 4441 Episc.
394 4375 423 4427 in
442 4375 545 4429 Concil.
564 4375 650 4442 Trid.)

354 4465 365 4488 0

1168 4459 1217 4517 11⁸
