2946 4942
552 334 591 380 un
612 334 710 381 anans
732 333 920 383 nuenarius.
1256 326 1317 386 109
1446 299 1451 311 ⁴

156 471 220 555 legi
255 468 476 552 christianae,
497 490 556 539 nec
585 491 721 555 unquam
747 473 909 539 adversari
931 491 1033 556 posse.
1081 474 1164 542 Hinc
1185 476 1264 541 nihil
1286 479 1318 542 in

154 558 241 624 bello
253 560 342 641 justo
358 564 458 641 agant
472 564 583 624 contra
594 562 647 643 jus
662 561 820 641 Gentium,
837 561 1053 627 immunitates
1065 579 1273 644 personarum
1287 571 1319 628 et

156 650 263 712 terum
280 646 348 711 Deo
363 663 533 726 sacrarum,
549 664 673 712 necnon
688 647 905 729 ruricolarum,
923 655 955 715 et
967 649 1183 730 operariorum
1195 646 1320 716 artibus

155 733 244 816 pacis
278 733 545 813 incumbentium,
569 732 763 815 feminarum,
787 754 966 817 puerorum,
990 754 1101 802 senum
1124 742 1157 801 et
1180 738 1318 802 omnium

154 820 368 886 innocentium
390 825 575 902 agnoscant,
597 821 708 886 etrite
723 823 932 901 observent.¹)
955 823 997 889 Se
1010 840 1080 888 esse
1094 825 1237 907 justitiae
1252 843 1320 890 ser-

154 924 212 973 vos
247 925 286 972 ao
308 908 487 987 ministros,
511 927 574 974 non
597 914 705 974 autem
727 910 939 990 crudelitatis,
963 928 1021 975 uec
1043 911 1234 992 cupiditatis,
1259 930 1319 977 nee

155 1011 258 1060 vanae
291 995 411 1077 gloriae
440 996 654 1074 meminerint3
689 997 831 1062 contenti
862 997 1029 1079 stipendiis
1052 998 1132 1078 suis,
1159 999 1317 1063 nominem

156 1082 417 1161 concutientesl)
445 1082 586 1164 legitime
610 1084 741 1165 quisque
764 1085 797 1148 in
811 1102 869 1150 suo
885 1085 995 1168 gradu,
1013 1085 1228 1166 superioribus
1252 1087 1318 1151 suis

156 1169 366 1236 obedientiam
387 1175 563 1250 praestent.

495 1462 740 1533 CAPITULUM
763 1464 978 1545 QUARTUM.

199 1584 253 1652 Dc
275 1587 463 1653 auctoritate
485 1595 514 1653 et
536 1588 671 1654 oonsilio
692 1588 730 1653 io
751 1587 841 1654 bellis
863 1588 1086 1669 emendandis,
1111 1593 1142 1654 et
1159 1589 1269 1668 formo

509 1673 637 1740 Jodiett
659 1675 698 1740 de
720 1675 858 1741 «lustitia
881 1674 966 1742 beili.

262 1792 375 1874 Quoad
396 1796 515 1862 bellum
538 1795 772 1878 suscipiendum
795 1796 974 1862 Auctoritas
1003 1801 1036 1862 et
1059 1795 1229 1862 Consilium
1253 1816 1317 1862 non

154 1881 240 1967 apud
271 1883 356 1948 cives
385 1883 569 1967 singulatim
603 1891 755 1965 sumptos,
790 1882 846 1949 sed
863 1883 955 1965 'apud
978 1882 1129 1949 Nationes
1152 1889 1185 1950 et
1207 1902 1316 1950 earum

152 1968 319 2052 Principes
342 1975 374 2036 et
396 1970 561 2038 Gubemia
583 1976 644 2036 est.
691 1970 772 2037 Nam
796 1971 880 2037 cives
902 1970 1027 2052 singuli,
1051 1970 1078 2034 si
1093 1970 1172 2036 laesi
1188 1971 1313 2051 fuerint,

149 2058 225 2147 jure
246 2064 380 2141 possunt
402 2060 443 2124 ad
466 2058 649 2140 Superiores
672 2058 842 2141 appellare,
866 2058 917 2124 vel
938 2074 1111 2138 recurrere,
1135 2059 1210 2140 quin
1231 2060 1317 2124 inter
1426 2121 1430 2126 Α

153 2156 190 2212 se
224 2149 282 2210 ant
312 2163 383 2211 oum
414 2145 596 2228 alienigenis
618 2150 776 2228 pugnent,
805 2151 838 2211 et
860 2145 937 2212 ordo
959 2144 1113 2210 naturalis
1136 2145 1317 2210 mortalium

151 2232 228 2315 pn'ei
265 2235 534 2312 accommodatus,
558 2234 692 2314 requirit
714 2237 751 2297 ut
773 2233 820 2298 ita
842 2251 875 2297 se
897 2233 961 2298 Res
984 2232 1132 2297 Militaris
1154 2233 1315 2316 habeant)

147 2318 382 2387 'Verumtamen
404 2321 486 2386 siin
509 2320 653 2387 Ecclesia
675 2320 735 2386 Dei
756 2326 882 2386 cautum
907 2325 956 2385 est
978 2338 1018 2385 ne
1040 2320 1216 2401 Episcopus
1244 2321 1317 2386 abs·

151 2424 217 2490 que
239 2406 370 2474 oonsilio
394 2408 513 2490 aliquid
536 2414 613 2492 agat
635 2424 740 2490 grave,
764 2408 834 2488 pari
857 2407 970 2473 saltem
992 2424 1106 2473 norma
1129 2407 1212 2473 circa
1234 2408 1316 2472 tanti

115 2494 303 2560 *momenti
332 2513 399 2560 rem
432 2496 576 2562 nationes
608 2513 665 2562 seu
693 2512 803 2560 earnm
825 2494 1004 2577 Principes,
1028 2499 1062 2560 et
1084 2494 1244 2560 Gubernia
1265 2494 1314 2559 uti

151 2599 285 2648 necesse
306 2583 505 2665 perspicitur.
552 2579 759 2665 Quapropter,
782 2588 820 2648 ut
838 2582 972 2665 justitia,
996 2586 1029 2648 et
1047 2581 1191 2665 justitiae
1213 2579 1335 2647 iorma'

148 2669 186 2734 in
208 2668 302 2735 bellis
325 2669 531 2752 suscipiendis
554 2677 646 2736 caute
660 2673 817 2749 servetur,
840 2687 920 2751 opus
943 2674 991 2734 est
1012 2673 1050 2733 ut
1064 2668 1150 2751 leges
1165 2668 1317 2751 cujusque

151 2757 246 2839 regni
280 2760 313 2822 et
345 2757 454 2840 populi
486 2762 631 2823 statuant
661 2758 745 2823 viros
778 2774 840 2823 non
873 2760 998 2822 tantum
1028 2757 1162 2840 periton,
1197 2755 1255 2820 sed
1283 2761 1316 2820 et
1375 2789 1379 2804 ‹

152 2845 290 2910 maxime
312 2844 429 2930 probos
453 2844 660 2912 consulendos
683 2861 762 2925 esse,
786 2863 806 2910 a
828 2843 944 2926 quibus
966 2843 1138 2909 secundum
1157 2843 1210 2925 jus
1232 2840 1318 2908 Gen·

151 2930 245 3013 tinm,
269 2936 303 2997 et
324 2929 410 3014 leges
432 2930 643 3015 Evangelicas
665 2948 789 2998 necnon
812 2937 846 2998 et
860 2930 1037 2998 Canonicas
1052 2948 1109 2997 son
1124 2929 1314 3009 Pontificius,

152 3008 324 3086 diuisurum
355 3019 429 3086 belli
449 3019 572 3102 justitia
594 3019 1007 3101 prudenter‘enaminetur,
1030 3023 1063 3083 et
1085 3017 1185 3083 libere
1208 3014 1314 3082 decla-

150 3106 255 3175 retur.
301 3105 382 3172 Nam
415 3106 493 3172 Jure
522 3108 714 3189 disceptare,
748 3110 799 3173 est
828 3105 914 3186 juste
932 3105 1095 3188 jndioare;
1123 3109 1156 3168 et
1177 3121 1241 3169 non
1263 3109 1316 3170 est

151 3190 267 3275 iudex,
291 3193 402 3260 sinon
424 3195 529 3261 estin
552 3212 589 3260 eo
612 3193 789 3277 lustitia.⁴)

566 3486 715 3555 VOTUM
737 3485 901 3555 SYNODI.

260 3648 284 3716 Ι.
301 3647 463 3714 Universis
478 3651 673 3731 compertum
689 3650 746 3725 est,
763 3648 841 3726 quot
855 3648 1036 3727 quantaque
1051 3643 1172 3709 scelera
1184 3646 1216 3708 et
1231 3644 1317 3708 mala

155 3739 222 3801 tam
257 3735 434 3818 spiritualia
466 3752 560 3816 quam
595 3732 785 3816 temporalia
818 3731 995 3798 novissimis
1018 3731 1205 3813 praesertim
1228 3730 1317 3796 hisce

155 3823 351 3904 temporibus
374 3825 414 3888 ab
436 3822 562 3906 injustis
584 3821 676 3886 bellis
692 3820 931 3898 dimanaverint,
947 3819 994 3883 ita
1009 3824 1045 3883 ut
1060 3817 1315 3883 fundamentales

156 3911 319 3976 societatis
341 3909 496 3974 humanae
520 3909 715 3974 conditiones
737 3908 879 3973 subverti
901 3905 1076 3973 videantur.

264 4117 581 4255 ᾈὲἓιὲἰιὶᾶκπᾶυαιηαε
600 4118 634 4173 de
653 4126 751 4184 tregua
770 4122 798 4170 et
816 4129 893 4185 pace.

262 4258 285 4321 θ)
304 4226 384 4314 Cane.
404 4229 505 4311 xitnl'.
524 4257 635 4324 Quaest.
657 4261 679 4312 l.
699 4256 764 4312 Can.
782 4255 828 4310 IV.
847 4255 991 4322 (Augusti.

264 4330 288 4398 ⁴)
308 4329 350 4382 De
367 4327 409 4383 Re
428 4329 545 4382 Militari
563 4336 591 4382 et
609 4327 696 4384 Bello.
715 4327 826 4396 Quaem.
845 4325 880 4380 11.
900 4325 965 4379 Gan.
984 4325 1006 4381 l.
