2946 4942
610 348 649 392 ue
672 346 852 395 ursomnrun.
1248 333 1309 393 193

152 483 306 565 flagitant,
330 493 367 550 ut
389 504 479 550 sacra
502 487 582 550 haec
599 485 807 551 Oecumenica
823 485 964 568 Synodus
987 485 1187 566 principibus,
1212 487 1311 566 magi-

152 572 318 652 stratibus,
352 573 507 653 capitulis,
539 573 671 653 aliisque
695 574 858 654 episcopos
881 572 1078 651 nominandi,
1115 573 1311 654 proponendi

151 659 203 724 vel
225 660 363 742 eligendi
381 662 433 742 jus
455 660 656 739 habentibus
680 661 898 742 gravissimum
923 660 982 725 Dei
1002 659 1154 739 judicium
1177 661 1210 723 in
1225 678 1311 724 men·

150 752 215 811 tem
249 747 397 826 reducet,
431 747 671 829 provideatque,
708 753 745 811 ut
775 746 826 811 lex
854 747 1078 811 aTridentino
1109 746 1248 811 Concilio
1271 747 1310 812 de

152 834 326 899 electorum
348 837 491 899 examine
508 837 687 913 constituta,
712 853 797 900 nunc
820 852 856 898 eo
873 835 1025 899 severiori
1047 834 1150 898 adhuc
1165 840 1198 898 et
1220 835 1312 898 strio-

150 922 224 986 tiori
248 921 340 986 modo
364 923 405 986 ab
428 922 572 986 omnibus
595 922 788 1002 observetur
821 940 883 1003 quo
906 922 1082 986 evidentius
1104 921 1311 986 ecclesiarum
1391 978 1396 991 .

150 1009 292 1088 pericula
324 1016 506 1085 creverunt3
541 1015 573 1074 et
602 1014 639 1073 ut
661 1009 763 1073 simile
785 1027 917 1073 examen
947 1010 1042 1073 etiam
1065 1009 1097 1071 in
1121 1008 1191 1072 aliis
1214 1009 1311 1072 eccle-

151 1096 288 1160 siasticis
312 1097 517 1177 dignitatibus
540 1097 579 1160 ab
604 1095 884 1177 Apostolica·Sede
908 1096 1104 1160 conferendis
1127 1096 1312 1160 instituatur

152 1183 193 1246 ad
215 1201 295 1264 quas
318 1184 477 1266 principes
499 1183 549 1247 vel
572 1185 778 1264 magistratus
801 1185 966 1248 nominant
988 1189 1045 1248 aut
1066 1188 1255 1264 proponunt.

257 1286 375 1352 Romae
398 1288 449 1351 die
474 1293 525 1353 ll.
549 1287 657 1352 Martii
682 1292 776 1352 1870.

256 1426 343 1490 Hm'c
358 1427 570 1507 postulationi
593 1426 852 1506 subscrc'pseruat
876 1431 897 1489 7
923 1425 1060 1491 Coactlc‘a'
1083 1426 1211 1493 Patres.

540 1808 574 1890 8.
614 1807 919 1893 Postumum

151 1965 279 2032 uums
293 1937 487 2031 concion
509 1965 654 2030 eureus
678 1967 735 2030 lo
758 1966 936 2031 nnuonm
959 1964 1050 2030 unu
1064 1966 1311 2034 rnnrrunus.

415 2141 672 2204 Eminentissime
694 2139 843 2205 Praeses!

468 2244 732 2309 Reverendissimi
755 2243 881 2310 Patres!

259 2383 366 2448 Verba
396 2383 516 2449 iaciens
549 2384 583 2447 in
607 2383 860 2465 Oongregatione
889 2383 1040 2450 Generali
1074 2384 1113 2448 de
1143 2385 1314 2464 schemate,

151 2472 238 2553 quod
268 2471 307 2535 de
329 2470 495 2552 Episcopis
527 2473 725 2552 propositum
752 2470 824 2550 brit,
859 2471 943 2536 inter
974 2470 1039 2534 alia
1066 2471 1169 2550 innui,
1203 2471 1314 2553 quenti

152 2560 305 2624 momenti
327 2559 370 2622 sit
391 2559 553 2640 negotium
576 2557 741 2623 electionis
756 2558 994 2639 Episcoporum‚
1018 2575 1115 2639 quum
1138 2559 1243 2624 omnia
1265 2577 1315 2623 re·

151 2646 259 2710 media
280 2643 401 2710 frustra
422 2645 643 2723 adhibeantur,
675 2646 734 2710 nisi
758 2645 898 2711 ecclesiis
926 2646 1000 2711 boni
1021 2650 1167 2726 pastores
1199 2644 1314 2727 praefi-

153 2735 289 2799 ciantur.
333 2732 456 2798 Idcirco
479 2734 606 2814 rogavi,
639 2737 676 2796 ut
697 2734 730 2796 in
752 2731 896 2814 praefato
929 2733 1090 2798 schemate
1113 2733 1258 2799 omuibus
1281 2739 1316 2796 et

153 2821 298 2902 singulis,
330 2820 444 2900 quibus
467 2821 668 2900 participatio
700 2819 807 2901 aliqua
829 2821 862 2884 in
895 2819 1078 2903 hujusmodi
1106 2819 1315 2885 electionibus

153 2908 313 2990 competit,
336 2907 474 2971 strenuis
497 2908 602 2972 verbis
625 2907 799 2972 inculcetur
826 2912 894 2971 tum
916 2908 1055 2989 gravitas
1077 2907 1172 2987 lmjus
1195 2908 1314 2990 negotii

153 3001 222 3058 tum
245 2995 387 3076 grauitas
410 2994 527 3074 delicti,
551 2994 636 3074 quod
660 2996 870 3072 committunt,
905 2997 958 3076 qui
982 3012 1071 3059 suum
1096 2993 1231 3059 officium
1253 2995 1317 3059 hec

155 3100 192 3145 ex
214 3087 307 3162 parte
329 3081 525 3163 negligenter
556 3088 613 3144 aut
635 3081 717 3144 male
741 3086 895 3147 exercent.
943 3081 1092 3146 Attamen
1116 3081 1313 3161 postulatum

155 3168 370 3251 specificatum
404 3176 480 3232 tunc
513 3187 575 3231 non
605 3170 763 3251 proposui.
816 3168 906 3233 Nunc
940 3187 1014 3233 vero
1048 3167 1209 3233 humiliter
1237 3186 1315 3250 rogo

155 3255 250 3321 Rr'nos
273 3256 385 3320 Patres
410 3256 615 3336 Deputationi
645 3274 702 3336 pro
725 3256 820 3319 rebus
851 3256 1036 3337 discipliuae
1060 3255 1249 3337 adscriptos,
1280 3261 1318 3318 ut
1359 3279 1365 3289 ·

156 3343 239 3409 dicto
274 3344 425 3408 schemati
459 3344 595 3423 primum
624 3349 719 3422 caput
751 3342 867 3407 decreti
897 3343 936 3407 de
969 3341 1217 3422 Reformatione‚
1252 3360 1315 3423 quo

155 3429 269 3495 Patres
291 3430 469 3494 Tridentini
489 3431 523 3493 in
546 3446 621 3494 sess.
645 3429 758 3493 XXIV.
781 3432 1055 3510 praescripserunt
1077 3447 1220 3493 normam
1242 3448 1315 3510 pro-

155 3518 285 3583 cedendi
316 3517 357 3582 ad
386 3518 578 3582 creationem
609 3517 839 3599 Episcoporum
870 3522 904 3581 et
926 3515 1156 3595 Cardinalium,
1191 3518 1315 3598 integre

156 3606 295 3670 inserere
319 3604 424 3684 velint,
448 3608 484 3668 ut
507 3604 621 3683 omnia,
645 3622 726 3684 quae
751 3602 926 3668 Concilium
949 3604 1169 3667 Tridentinum
1192 3602 1253 3668 hac
1276 3603 1315 3668 de

154 3711 189 3756 re
210 3698 279 3757 tam
300 3690 469 3757 salubriter
491 3697 557 3755 stat
582 3692 613 3770 t,
641 3690 808 3772 aSynodo
832 3692 984 3756 Vaticana
1008 3690 1233 3755 confirmentur
1256 3708 1313 3755 no-

154 3798 257 3861 uoque
279 3779 417 3860 pondere
441 3778 594 3856 omuibus,
618 3796 752 3857 quorum·
773 3780 914 3857 interest,
939 3779 1155 3859 injungantur.

261 3865 511 3931 Periectissimee
533 3866 743 3929 venerationis
772 3873 804 3931 et
827 3865 969 3946 obsequii
997 3865 1142 3930 sensibus
1164 3884 1215 3930 me
1238 3883 1312 3946 pro-

156 3952 255 4019 fiteor.

262 4077 380 4140 Romae
404 4074 454 4139 die
478 4079 507 4138 9.
531 4073 623 4138 Febr.
649 4079 742 4139 1870.

210 4438 329 4490 Hartin,
347 4439 500 4481 Documenta
530 4439 591 4480 Edit.
606 4438 636 4480 ll.
