2954 4936
158 327 222 386 204
348 391 350 395 ,
647 336 816 384 rossontus

155 481 332 543 strumenta
346 477 398 540 vel
419 477 524 541 bellici
539 476 663 555 arietes,
687 476 800 557 quibus
820 475 900 539 duce
916 474 1035 556 Spiritu
1058 493 1194 557 nequam
1210 493 1320 539 arcem

156 564 314 644 religionis
338 569 371 627 et
385 563 546 628 Ecclesiae
568 563 743 627 catholicae
769 562 884 642 ubique
908 569 1064 627 terrarum
1088 579 1317 644 conquassare,

151 669 288 732 eamque
310 652 343 714 in
359 650 634 715 communitatibus
657 657 690 714 et
710 649 836 713 familiis
859 647 1053 714 labefactare
1069 655 1165 730 atque
1189 649 1319 713 diruere

157 740 368 803 connituntur.
424 737 493 803 Hoc
516 738 584 802 loco
608 738 647 802 de
670 737 878 801 matrimoniis
902 737 1006 801 mixtis
1031 755 1091 819 ago
1115 738 1173 801 sub
1197 736 1319 818 triplici

151 844 194 889 eo
211 830 389 904 conspectu,
406 845 498 905 quern
514 842 622 890 eorum
638 824 796 904 paracollo,
813 844 931 905 panaro
948 830 980 888 et
996 824 1136 888 remedio
1155 823 1317 888 exhibent.

724 1068 748 1131 I.

657 1205 819 1270 Pericula.

262 1345 417 1424 Pericula,
441 1364 523 1425 quae
546 1363 583 1407 ex
605 1345 710 1409 mixtis
733 1345 941 1408 matrimoniis
967 1342 1138 1408 catholicae
1154 1343 1318 1408 Ecclesiae

157 1439 340 1509 nascuntur,
364 1432 528 1496 notissima
552 1437 634 1509 sunt,
665 1438 697 1496 et
720 1450 791 1494 raro
816 1431 957 1512 exemplo
980 1431 1135 1511 ejusmodi
1159 1431 1318 1496 connubia

158 1519 343 1600 conjugibus
367 1519 426 1583 Dei
448 1519 697 1583 benedictionem
720 1520 879 1600 vitamque
903 1521 1027 1583 beatam
1051 1517 1193 1582 conferre
1216 1518 1319 1598 quoti·

159 1607 253 1670 diana
276 1607 468 1687 experientia
491 1607 593 1669 docet.
631 1605 781 1670 Attamen
804 1606 863 1671 hoc
885 1624 948 1670 non
971 1605 1111 1686 impedit,
1136 1606 1212 1687 quin
1236 1606 1331 1670 sicut-

157 1693 233 1758 alibi
255 1694 300 1756 ita
322 1695 418 1758 etiarn
440 1694 473 1756 in
490 1693 693 1758 Alemannica
710 1693 854 1757 Helvetia
871 1712 907 1757 ac
924 1694 1108 1774 praesertim
1126 1693 1157 1755 in
1174 1693 1318 1759 Dioecosi

159 1780 356 1861 Sangallensi
379 1799 527 1845 numerus
551 1781 719 1843 mixtorum
735 1780 958 1845 connubiorum
981 1781 1065 1842 inter
1088 1777 1270 1844 Catholicos
1286 1781 1316 1843 in

160 1868 227 1930 dies
250 1869 352 1948 magis
374 1873 549 1932 accrescat:
574 1874 606 1931 et
629 1886 692 1931 non
714 1867 900 1932 mirandum.
939 1869 1028 1930 Intra
1052 1867 1212 1931 Dioecesis
1236 1866 1318 1946 ejus-

159 1956 230 2018 dem
254 1953 331 2018 fines
350 1959 488 2030 120,000
503 1955 722 2018 Prutestantes
747 1955 871 2019 circiter
894 1973 963 2018 cum
990 1958 1129 2031 130‚000
1146 1953 1317 2019 Catholicis

157 2043 282 2119 vivunt,
318 2042 370 2121 qui
402 2060 508 2105 omnes
538 2048 570 2106 et
600 2042 715 2122 singuli
744 2042 927 2121 quotidiano
959 2041 1083 2106 socialis
1117 2043 1203 2105 vitae
1235 2060 1317 2106 corn-

158 2130 282 2203 mercio,
317 2130 409 2192 unius
433 2129 636 2211 ejusdemque
660 2128 851 2210 reipublicae
879 2129 1112 2205 constitutione,
1149 2129 1317 2210 magistra-

159 2215 246 2278 tibus
268 2215 452 2296 legibusque
484 2216 616 2279 invicem
640 2216 716 2280 satis
746 2222 834 2280 arcte
859 2215 961 2296 juncti
990 2220 1073 2280 sunt.
1131 2215 1214 2279 Hinc
1237 2215 1317 2280 inter

160 2301 301 2366 homines
324 2303 486 2382 utriusque
510 2320 602 2366 sexus
626 2308 659 2365 et
673 2302 845 2384 Religionis
862 2302 1103 2367 consuetudines
1127 2300 1316 2383 frequentes,

160 2389 348 2470 multiplices
372 2389 521 2470 peccandi
543 2391 574 2452 in
605 2390 691 2470 turpi
719 2390 907 2467 occasiones,
943 2395 976 2452 et
1005 2393 1155 2470 urgentes
1180 2389 1317 2454 nubendi

160 2478 308 2555 rationes,
344 2477 455 2556 quibus
488 2476 643 2540 accedunt
672 2477 757 2556 apud
786 2477 956 2541 catholicos
980 2475 1118 2556 Sponsus
1143 2475 1318 2556 Sponsasre

158 2563 238 2627 levis
263 2565 301 2627 de
333 2564 484 2644 religione
515 2582 635 2642 sensns,
671 2562 961 2641 indifferentismns,
994 2581 1086 2627 sacra
1115 2564 1187 2627 auri
1209 2561 1316 2635 fames,

160 2651 352 2714 contrahens
367 2651 584 2731 perniciosum
600 2656 648 2715 tot
670 2653 839 2714 mixtorum
856 2651 1127 2715 matrimoniorum
1143 2651 1318 2732 exemplum

162 2744 194 2800 et
217 2739 255 2800 ab
279 2739 317 2801 iis
341 2738 527 2818 deprompta
551 2735 728 2802 Conclusio:
765 2739 849 2819 quod
872 2738 942 2802 aliis
972 2737 1093 2801 licitum
1116 2736 1221 2815 fuerit,
1258 2739 1318 2802 sin-

162 2823 236 2904 gulo
261 2826 372 2904 cuique
395 2843 458 2888 non
480 2824 623 2888 illicitum
646 2843 724 2888 esse.
770 2826 881 2905 ltaque
905 2824 1050 2889 catholici
1070 2823 1200 2903 juvenes
1223 2825 1318 2907 virgi·

162 2928 259 2980 nesve
283 2911 323 2974 ad
347 2912 545 2975 matrimonia
568 2912 666 2975 mixta
690 2911 848 2990 advolant,
883 2912 966 2976 notis
990 2912 1031 2975 ab
1055 2911 1196 2976 Ecclesia
1227 2930 1318 2993 prae·

162 2999 288 3079 scriptis
322 2999 550 3064 conditionibus
584 2997 801 3063 satisfacturos
836 3018 870 3065 se
905 3001 1101 3080 promittunt,
1141 2999 1198 3063 secl
1232 2999 1319 3064 brevi

162 3084 298 3149 familias
328 3085 512 3166 plerumque
543 3087 745 3163 constituunt,
781 3086 980 3151 acatholica
1010 3086 1161 3167 religione
1191 3086 1225 3149 in
1254 3087 1318 3150 dies

161 3174 263 3252 magis
287 3173 518 3252 dissentientes,
553 3190 633 3253 quae
663 3174 780 3254 quippe
807 3174 966 3253 religionis
998 3171 1101 3237 officia
1123 3191 1160 3236 ac
1192 3175 1318 3253 pletatis

162 3260 311 3323 exercitia
340 3260 504 3340 negligunt
532 3259 709 3339 liberosque
737 3278 809 3324 suos
840 3262 872 3323 in
895 3259 1044 3340 pestifera
1066 3259 1320 3325 indill‘erentismi

161 3365 241 3409 aura
264 3347 408 3413 educant.
467 3347 604 3411 Proinde
632 3365 670 3410 ea
692 3347 792 3410 mixta
821 3348 1020 3410 matrimonia
1052 3353 1084 3410 et
1107 3365 1145 3410 ex
1168 3348 1207 3411 iis
1232 3354 1319 3412 ortae

159 3432 298 3497 familiae
320 3433 472 3498 foecunda
502 3434 686 3515 plerumque
708 3433 787 3498 fiant
817 3452 945 3498 neccsse
968 3439 1016 3498 est
1039 3432 1216 3497 Seminaria
1240 3434 1319 3514 ejus·

160 3521 245 3584 modi
269 3519 508 3600 Catholicorum,
545 3522 599 3600 qui
622 3539 680 3585 nec
711 3519 804 3585 fidem
835 3521 1022 3585 catholicam
1050 3518 1241 3602 profitentur
1263 3539 1319 3584 uec

160 3605 264 3672 officia
286 3608 419 3673 hominis
454 3608 599 3673 catholici
634 3608 816 3688 adimplent,
851 3609 908 3671 sed
930 3607 1108 3671 infidelibus
1143 3608 1319 3673 deteriores

155 3692 235 3758 facti
258 3694 431 3760 Ecclesiam
455 3696 608 3760 acerrime
630 3694 780 3758 infestant
802 3701 834 3758 et
858 3714 894 3760 eo
918 3693 1077 3760 efficacius
1101 3713 1171 3758 earn
1195 3701 1318 3776 pertur-

159 3782 248 3862 bant,
282 3781 365 3862 qnod
387 3782 445 3846 sub
477 3780 586 3847 fictitio
616 3783 741 3845 nornine
770 3784 853 3846 inter
883 3800 973 3846 veros
997 3779 1178 3845 Catholicos
1210 3801 1319 3848 recen-

159 3876 276 3947 sentur,
301 3877 451 3950 tanquam
474 3869 618 3934 morbida
640 3869 781 3933 membra
804 3867 936 3949 Corpori
957 3868 1122 3933 Ecclesiae
1145 3868 1319 3934 adhaerent

152 3962 193 4020 *et
215 3975 278 4021 non
301 3958 397 4021 aforis
420 3957 476 4021 sed
500 3956 540 4020 ab
562 3957 646 4020 intus
669 3957 801 4036 ideoque
826 3955 965 4019 funditus
989 3957 1128 4020 ordinem
1155 3962 1187 4020 et
1209 3974 1318 4036 pacem

160 4041 319 4109 Ecclesiae
343 4043 534 4109 confundere
557 4045 631 4124 ipsis
655 4044 815 4125 contingit.
852 4043 1076 4108 Praetermitto
1092 4060 1250 4122 exponere
1275 4048 1318 4106 tot

152 4132 335 4194 animarum
369 4150 426 4213 pro
450 4132 516 4195 rita
550 4137 680 4195 aeterna
712 4129 871 4208 jacturam
895 4131 946 4194 vix
979 4148 1119 4211 unquam
1154 4131 1234 4194 satis
1266 4131 1316 4193 de-

159 4217 353 4298 plorandam.
387 4218 468 4284 Hinc
491 4217 637 4282 facillime
660 4224 765 4298 potest
788 4217 890 4281 evinci
912 4236 970 4297 per
993 4218 1091 4280 mixta
1118 4217 1317 4281 matrimonia

156 4305 191 4368 in
214 4305 252 4369 iis
275 4305 464 4388 regionibus
493 4305 660 4386 inquibus
683 4306 751 4386 pari
772 4304 843 4386 jure
866 4303 1021 4368 Catholici
1044 4310 1077 4368 et
1100 4308 1315 4384 protestantes
