2946 4942
648 323 687 370 on
709 307 890 372 urscnnnra
1287 317 1349 380 153

189 459 331 526 locorum
344 466 476 526 vacant:
492 461 578 541 quod
593 461 712 526 utinam
727 481 888 544 nunquam
903 463 963 528 soli
977 463 1129 547 facerent,
1154 468 1210 533 sed
1224 485 1350 551 semper

189 546 262 628 bini,
285 547 377 628 juxta
398 547 541 629 regulam
564 549 787 629 evangelicam,
811 556 902 615 caute
924 552 1145 622 mitterentur!

293 634 373 701 (lum
395 640 512 714 autem,
537 636 570 700 in
592 641 678 701 statu
700 639 862 717 praesenti
877 637 1039 704 Ecclesiae
1062 646 1094 704 et
1117 640 1275 708 humanae
1297 661 1349 710 so*

188 720 322 800 rietatis
339 722 615 788 circumstantibus
629 723 702 788 hinc
725 728 757 787 et
779 723 853 790 inde
875 727 988 791 invidis
1010 727 1162 806 hostibus,
1179 729 1349 798 haereticis

187 807 317 889 scilicet,
341 810 520 891 incredulis,
550 816 583 876 et
605 810 696 875 malis
718 810 866 892 politicis,
898 814 952 893 qui
974 812 1203 882 infensissimos
1227 819 1349 885 animos

186 913 263 978 erga
284 897 450 978 religiosos
474 897 606 962 Ordines
636 903 763 979 gerunt,
795 916 937 965 summae
958 903 1156 967 necessitatis
1179 904 1221 969 sit
1243 907 1349 988 Regu·

184 981 270 1047 lares
286 983 445 1064 quoslibet
467 990 499 1048 et
514 990 623 1050 sancte
637 986 752 1064 vivere,
778 991 810 1050 et
826 987 976 1068 quidquid
992 989 1177 1055 scandalum
1194 995 1347 1072 praebere

184 1076 297 1151 posset
328 1073 368 1136 ab
398 1072 556 1136 Institutio
590 1073 655 1136 suis
686 1074 920 1153 promptissime
949 1093 1124 1153 removere3
1159 1079 1346 1145 statuendae

184 1157 369 1222 viderentur
406 1158 529 1239 aliquae
562 1160 642 1240 juris
674 1160 815 1239 regulae,
851 1179 984 1241 quarum
1019 1181 1092 1243 ope:
1134 1170 1164 1226 1⁰
1196 1165 1347 1245 Religiosi

184 1244 296 1310 discoli
319 1251 352 1309 et
375 1245 563 1326 scandalosi,
579 1248 778 1327 quantumvis
794 1247 986 1314 solemnibus
1001 1251 1082 1315 votis
1097 1253 1209 1332 ornati,
1224 1251 1347 1320 facilius

185 1337 218 1397 et
240 1332 416 1413 expeditius
440 1333 554 1415 expelli
569 1341 707 1415 possent,
733 1338 765 1398 et
780 1335 864 1399 vitae
886 1336 1039 1401 saeculari
1056 1339 1162 1415 reddi;
1187 1344 1219 1402 2⁰
1235 1341 1347 1408 domus

184 1418 361 1501 religiosae,
385 1421 495 1484 statim
518 1440 557 1485 ac
579 1421 732 1503 regularis
755 1423 787 1485 in
811 1424 856 1487 eis
873 1423 1038 1504 disciplina
1060 1427 1186 1504 gravius
1209 1427 1347 1494 relaxari

185 1508 388 1594 constitisset,
412 1507 586 1586 reformari,
603 1513 658 1572 aut
672 1510 826 1590 supprirni
840 1515 978 1591 possent,
1001 1518 1033 1575 et
1049 1511 1218 1591 deberent;
1242 1519 1274 1578 3⁰
1289 1533 1345 1580 ne·

184 1611 245 1674 que
268 1595 458 1659 toleraretur
481 1596 512 1658 in
535 1599 695 1676 posterum
719 1596 785 1659 ulla
807 1596 957 1678 religiosa
980 1600 1124 1678 societas,
1147 1600 1198 1666 vel
1222 1601 1344 1682 domus,

184 1697 264 1760 quae
287 1680 453 1747 manifeste
475 1682 595 1747 inutilis
618 1683 651 1745 in
674 1683 816 1748 Ecclesia
838 1682 923 1748 facta
945 1693 1038 1752 esset.

289 1768 392 1833 Valde
415 1769 514 1833 etiam
537 1769 700 1852 expediret
716 1771 929 1851 exemptiones
954 1772 992 1836 de
1014 1790 1095 1837 novo
1118 1791 1181 1838 non
1205 1775 1343 1856 concedi,

184 1859 216 1920 et
233 1856 303 1936 jam
333 1874 499 1920 concessas
522 1857 568 1921 ita
598 1857 761 1921 moderate
788 1860 970 1939 temperari,
1004 1866 1040 1924 ιιι
1061 1862 1343 1942 supprimerentur,

181 1951 337 2022 quantum
359 1943 509 2023 possibile
526 1945 595 2024 erit,
619 1943 793 2026 Regulares
808 1946 892 2009 inter
907 1950 940 2010 et
955 1947 1141 2012 Saeculares
1165 1949 1347 2015 occasiones

182 2028 307 2094 illorum
338 2030 540 2095 conflictuum
572 2031 639 2111 qui,
675 2033 708 2095 in
736 2031 888 2096 hodierno
916 2051 1020 2097 rerum
1055 2039 1157 2115 statu,
1191 2053 1254 2099 non
1284 2037 1346 2100 nisi

181 2117 443 2196 periculosissime
467 2137 633 2199 erumpere
656 2124 690 2183 et
712 2120 828 2200 agitari
851 2125 990 2201 possent.

231 2307 285 2374 De
308 2310 468 2392 religiosis
491 2309 662 2374 mulierum
681 2309 830 2390 familiis,
850 2310 1037 2390 puellarum
1059 2312 1240 2377 educationi
1263 2320 1293 2380 et

489 2413 636 2492 operibus
659 2414 828 2478 charitatis
848 2414 1044 2523 uocantibus.

286 2551 484 2634 Longissime
500 2552 591 2617 abest
606 2557 642 2617 nt
659 2553 880 2634 religiosarum
896 2552 1063 2618 mulierum
1087 2573 1244 2633 numerus,
1262 2573 1344 2636 quae

178 2639 355 2720 juventutis
378 2639 575 2717 educationi,
607 2638 802 2703 infirmorum
825 2640 997 2705 visitationi
1020 2645 1053 2705 et
1076 2659 1181 2720 curae,
1213 2642 1344 2724 aliisque

180 2726 330 2810 maribus
352 2727 602 2806 misericordiae,
635 2734 702 2790 turn
726 2728 758 2790 in
782 2727 928 2806 urbibus,
961 2731 1029 2791 tum
1051 2728 1084 2791 in
1107 2728 1266 2794 ruralibus
1289 2749 1343 2812 pa·

180 2816 300 2894 rosetis,
326 2821 452 2894 vacant,
477 2812 636 2878 sufficiens
660 2815 712 2878 sit.
750 2813 958 2890 Quantumvis
980 2815 1080 2896 igitur
1101 2815 1194 2898 hujus
1218 2818 1344 2899 generis

179 2899 336 2982 instituta,
366 2901 427 2966 hoc
449 2903 636 2984 praesertim
659 2901 795 2979 saeculo,
826 2900 1035 2982 multiplicata
1058 2902 1129 2982 sint,
1163 2904 1251 2968 novis
1273 2903 1344 2968 fun-

177 2986 380 3069 dationibus,
418 2989 534 3054 nedum
572 2989 802 3067 obsistendum,
842 2987 1011 3054 favendum
1049 2995 1194 3070 econtra,
1232 2991 1346 3072 positis

173 3076 344 3156 ponendis,
366 3076 499 3142 videtur.

284 3162 395 3244 Neque
437 3163 622 3228 ullomodo
656 3163 734 3228 satis
760 3162 862 3243 liquet
896 3161 1006 3227 melius
1029 3160 1110 3241 fore,
1146 3172 1182 3228 ut
1212 3165 1342 3246 quidam

165 3251 311 3331 vellent,
347 3251 374 3314 si
406 3251 507 3316 omnis
540 3250 596 3315 illa
629 3251 850 3315 Institutorum
879 3250 1036 3329 varietas,
1074 3253 1209 3332 quadam
1243 3252 1342 3317 veluti

161 3332 311 3416 fusione,
336 3338 376 3402 ad
392 3343 458 3402 tres
474 3342 530 3402 aut
546 3342 683 3417 quatuor
697 3336 833 3417 majores
850 3338 1108 3418 congregationes
1123 3339 1341 3404 reduceretur.

157 3416 368 3493 Timendum
390 3424 506 3506 quippe
529 3429 623 3502 esset,
647 3443 687 3489 ne
709 3425 755 3489 sic
777 3429 843 3488 tam
858 3430 969 3489 sancta
990 3423 1046 3489 illa
1068 3431 1101 3490 et
1123 3431 1234 3491 tantae
1256 3428 1342 3492 utili-

152 3510 253 3580 tatis
277 3530 332 3577 res
347 3511 489 3576 funditus
504 3513 760 3592 perturbaretur3
784 3529 824 3575 ne
838 3512 1038 3576 vocationum
1053 3515 1144 3594 copia
1159 3515 1342 3580 notabihter

150 3597 427 3677 diminueretur3
450 3599 513 3663 imo
530 3617 569 3662 ne
584 3599 787 3664 observantia
810 3603 843 3663 et
865 3596 969 3663 fervor
984 3605 1074 3664 tanto
1099 3598 1255 3665 difficilius
1270 3620 1341 3683 per·

146 3682 344 3767 sisterent,
378 3704 440 3767 quo
471 3685 609 3766 faciliuS,
637 3687 672 3750 in
694 3686 958 3750 numerosissimis
980 3685 1162 3768 hujusmodi
1194 3693 1227 3754 et
1248 3689 1340 3754 valde

144 3773 318 3843 extensis
352 3769 672 3854 congregationibus,
708 3776 741 3837 et
774 3773 938 3854 vigilantia
972 3774 1172 3856 superiorum
1207 3774 1341 3841 deficere

146 3865 295 3940 potest,
319 3866 352 3924 et
375 3878 489 3924 nervus
513 3859 695 3941 disciplinae
711 3859 934 3941 languescere.

284 3945 356 4011 Non
379 3965 455 4028 ergo
478 3945 534 4011 fiat
548 3947 727 4029 hujusmodi
750 3945 845 4025 fusio;
868 3965 969 4028 neque
991 3948 1131 4013 severius
1147 3966 1247 4018 novae
1269 3946 1340 4011 fun-

149 4033 328 4104 dationes
354 4033 570 4099 cohibeantur.
623 4035 792 4099 Admoneri
821 4032 958 4100 suffrciat
985 4034 1160 4116 Episcopus
1191 4039 1228 4099 ιιι
1250 4034 1340 4100 novis

148 4114 415 4190 fomdatiouibus
436 4122 610 4202 prudenter
632 4121 805 4202 invigilent,
835 4140 889 4186 eas
910 4139 973 4186 non
996 4122 1184 4200 concessuri,
1212 4122 1348 4204 quando-

151 4210 225 4276 vel
248 4208 392 4286 inutiles,
422 4208 473 4273 vel
502 4226 557 4290 spe
586 4226 750 4275 successus
782 4209 954 4274 destitutae
980 4209 1189 4286 videbuntur:
1224 4215 1340 4287 curent

158 4298 274 4364 etiam
296 4296 469 4363 novitiatus
489 4296 552 4362 rito
574 4296 698 4361 institui
719 4301 753 4362 et
776 4297 881 4377 dirigi3
903 4313 1130 4378 necunquam,
1153 4297 1213 4363 suh
1228 4297 1374 4388 quovis*
