2946 4942
556 336 596 383 Du
618 336 687 383 rum
710 335 887 385 cnrflomca

617 544 752 611 CAPUT
781 545 835 611 IV.

551 684 604 751 De
623 687 687 767 fide
710 693 738 752 et
760 687 893 754 rollone.

249 825 317 890 Hoc
350 843 473 907 quoque
510 830 683 907 perpetuus
721 827 882 892 Ecclesiae
920 824 1089 890 catholicae
1128 842 1299 889 consensus

142 912 247 977 tenuit
270 917 301 978 et
323 919 420 994 tenet,
451 912 606 994 duplicem
629 931 698 978 esse
721 914 863 978 ordinem
887 913 1080 993 cognitionis,
1112 931 1174 977 non
1197 912 1298 977 solum

142 998 306 1082 principio,
330 1001 386 1065 sed
409 1001 531 1082 obJecto
554 1002 650 1066 etiam
673 1001 870 1066 distinctum:
893 1000 1045 1082 principio
1067 1000 1201 1081 quidem,
1225 998 1300 1081 quia

142 1090 175 1152 in
199 1087 300 1152 altero
333 1088 472 1153 naturali
506 1089 645 1169 ratione,
675 1090 707 1153 in
730 1090 830 1155 altero
853 1088 913 1154 fide
937 1088 1043 1153 divina
1065 1089 1299 1168 cognoscimus3

143 1174 267 1256 objecto
291 1181 410 1256 autem,
442 1178 515 1257 quia
542 1181 669 1257 praeter
691 1196 741 1257 ea,
773 1177 917 1258 adquae
947 1175 1099 1240 naturalis
1122 1175 1204 1240 ratio
1227 1194 1302 1257 per-

142 1264 264 1343 tingere
294 1270 412 1344 potest,
440 1265 597 1328 credenda
626 1265 716 1328 nobis
746 1268 963 1345 proponuntur
993 1263 1142 1344 mysteria
1171 1264 1202 1327 in
1231 1263 1298 1329 Deo

142 1349 335 1431 abscondita,
351 1370 441 1433 quae,
464 1352 525 1415 nisi
540 1351 681 1416 revelata
697 1353 853 1429 divinitus,
868 1352 1064 1417 innotescere
1080 1369 1142 1416 non
1158 1356 1299 1431 possunt.

143 1437 299 1515 Quocirca
320 1438 506 1520 Apostolus,
538 1439 591 1520 qui
614 1457 633 1502 a
656 1439 801 1519 gentibus
825 1440 926 1503 Deum
948 1456 1006 1518 per
1028 1455 1079 1516 ea,
1112 1436 1298 1518 quaefacta

143 1529 232 1604 sunt,
264 1528 425 1607 cognitum
458 1543 526 1590 esse
554 1531 703 1606 testatur,
737 1527 893 1591 disserens
926 1532 1032 1590 tamen
1063 1525 1103 1590 de
1133 1526 1237 1605 gratia
1266 1530 1299 1590 et

142 1614 288 1692 veritate,
324 1631 405 1693 quae
436 1632 494 1694 per
523 1614 632 1679 Jesum
666 1611 825 1678 Christum
856 1612 939 1678 lacta
973 1617 1064 1692 est‚¹)
1097 1612 1299 1694 pronuntiat:

103 1750 125 1779 ,
142 1700 314 1781 Loquimur
347 1702 406 1765 Dei
432 1701 619 1783 sapientiam
651 1702 684 1765 in
712 1703 875 1782 mysterio,
911 1718 992 1780 quae
1023 1700 1207 1766 abscondita
1239 1706 1299 1780 est,

142 1806 237 1869 quam
265 1788 514 1871 praedestinavit
549 1788 633 1852 Deus
666 1794 739 1852 ante
770 1788 897 1853 saecula
924 1789 957 1852 iu
984 1787 1117 1867 gloriam
1147 1793 1299 1865 nostram,

141 1894 236 1957 quam
259 1893 351 1940 nemo
374 1877 551 1957 principum
585 1876 680 1958 hujus
703 1877 819 1942 saeculi
836 1876 993 1958 cognovit:
1019 1912 1058 1921 -
1083 1875 1173 1940 nobis
1189 1881 1296 1941 autem

141 1962 295 2028 revelavit
318 1963 404 2029 Deus
427 1962 657 2046 perspiritum
681 1982 786 2028 suum:
818 1963 954 2046 Spiritus
978 1963 1060 2026 enim
1084 1964 1187 2028 omnia
1210 1980 1303 2027 scru=

141 2056 243 2130 tatur,
277 2053 372 2115 etiam
402 2051 557 2132 profunda
584 2052 650 2117 Dei.
664 2053 693 2134 ²)
742 2051 785 2116 Et
817 2052 886 2133 ipse
917 2049 1104 2130 Unigenitus
1132 2049 1297 2115 confitetur

140 2138 240 2218 Patri,
272 2139 346 2218 quia
378 2139 541 2203 abscondit
572 2139 692 2204 bacca
723 2140 918 2221 sapientibus
951 2144 984 2203 et
1011 2137 1232 2219 prudentibus,
1264 2146 1297 2203 et

138 2225 293 2291 revelavit
314 2245 352 2291 ea
374 2226 561 2309 parvulis,³)

247 2313 292 2378 Ac
314 2314 397 2378 ratio
413 2314 548 2395 quidem,
572 2311 634 2378 fide
649 2314 818 2392 illustrata,
843 2333 913 2380 cum
928 2312 1045 2393 sedulo,
1069 2313 1120 2394 pie
1143 2317 1176 2377 et
1191 2311 1297 2379 sobrie

139 2401 272 2481 quaerit,
289 2401 437 2482 aliquam,
462 2401 527 2465 Deo
544 2403 648 2480 dante,
672 2402 890 2484 mysteriorum
909 2400 1150 2482 intelligentiam
1166 2417 1301 2480 eamque·

138 2486 422 2554 fructuosissimam
449 2490 642 2570 assequitur,
678 2494 746 2553 tum
777 2507 815 2552 ex
841 2507 961 2570 eorum,
996 2506 1077 2568 quae
1109 2487 1297 2551 naturaliter

139 2575 312 2657 cognoscit,
335 2576 489 2656 analogia,
513 2581 580 2640 tum
604 2595 621 2641 e
644 2577 864 2660 mysteriorum
890 2577 1029 2657 ipsorum
1053 2593 1135 2639 nexu
1156 2575 1241 2638 inter
1262 2591 1302 2638 se·
1359 2583 1362 2589 ’

138 2668 172 2727 et
195 2681 265 2728 cum
288 2662 350 2729 fine
381 2663 515 2728 bominis
538 2664 667 2745 ultimo;
698 2682 857 2745 nunquam
887 2669 992 2727 tamen
1016 2662 1129 2727 idonea
1152 2661 1295 2726 redditur

139 2750 181 2814 ad
216 2769 255 2816 ea
288 2751 508 2833 perspicienda
537 2752 638 2816 instar
670 2752 851 2832 veritatum,
885 2768 965 2831 qnae
999 2751 1159 2832 proprium
1193 2750 1294 2833 ipsius

138 2837 299 2920 objectum
335 2841 539 2904 constituunt.
592 2840 705 2904 Divina
738 2842 819 2904 enim
854 2839 1003 2921 mysteria
1036 2843 1150 2919 suapte
1180 2843 1296 2903 natura

138 2924 333 2991 intellectum
358 2933 500 2991 creatum
523 2926 568 2992 sio
591 2928 754 3007 excedunt,
782 2933 818 2991 nt
841 2927 935 2991 etiam
958 2925 1149 2991 revelatione
1172 2925 1293 2990 tradita

138 3020 172 3077 et
187 3011 250 3078 fide
265 3021 421 3095 suscepta,
444 3015 542 3096 ipsius
558 3020 664 3079 tamen
687 3013 761 3080 fidei
776 3014 929 3078 velamine
953 3017 1096 3078 contecta
1111 3017 1144 3078 et
1159 3012 1295 3093 quadam

137 3101 229 3181 quasi
252 3101 386 3184 ealigine
409 3101 559 3167 obvoluta
581 3109 741 3181 maneant,
774 3102 923 3183 quamdiu
944 3101 976 3165 in
999 3100 1058 3166 hac
1080 3100 1207 3164 mortali
1228 3100 1295 3163 vita

137 3189 376 3270 peregrinamur
407 3209 426 3254 a
448 3188 594 3256 Domino:
628 3188 804 3272 perfidem
832 3189 914 3254 enim
937 3188 1147 3269 ambulamus,
1179 3191 1210 3251 et
1231 3204 1294 3251 non

136 3294 194 3356 per
216 3277 401 3357 speciem.⁴)

242 3364 363 3429 Verum
384 3364 445 3430 etsi
460 3364 537 3429 fides
560 3366 602 3429 sit
617 3383 713 3446 supra
735 3365 897 3443 rationem,
922 3363 1010 3429 nulla
1025 3368 1130 3429 tamen
1154 3380 1292 3443 unquam

135 3451 221 3514 inter
242 3450 334 3516 fidem
359 3458 390 3516 et
413 3453 569 3517 rationem
598 3470 673 3516 vera
697 3452 848 3517 dissensio
872 3469 940 3516 esse
963 3456 1085 3532 potest:
1117 3449 1291 3515 cumidem
1323 3458 1336 3535 J

136 3537 239 3617 DeuS,
270 3540 324 3621 qui
346 3541 496 3622 mysteria
523 3539 643 3604 revelat
673 3545 704 3604 et
728 3538 821 3604 fidem
845 3539 995 3619 infundit,
1027 3540 1130 3603 animo
1154 3537 1298 3601 humano-

135 3626 268 3690 rationis
301 3627 408 3691 lumen
442 3627 607 3705 indiderit3
646 3629 731 3692 Deus
764 3633 869 3692 autem
904 3645 1022 3708 negare
1058 3627 1197 3707 seipsum
1229 3643 1292 3688 nou

136 3713 249 3793 possit,
281 3732 339 3778 nec
366 3733 572 3779 verumvero
609 3733 746 3796 unquam
776 3715 1000 3781 contradicere.
1050 3712 1158 3778 Inanis
1187 3717 1292 3776 autem

134 3800 230 3881 hujus
253 3801 507 3866 contradictionis
537 3804 656 3882 species
680 3802 751 3867 inde
775 3804 971 3884 potissimum
995 3802 1108 3881 oritur,
1137 3799 1219 3881 quod
1242 3800 1291 3863 vol

134 3886 209 3951 fidei
232 3888 378 3968 dogmata
405 3889 446 3953 ad
470 3895 606 3953 mentem
629 3890 787 3955 Ecclesiae
816 3891 977 3955 intellecta
1008 3896 1041 3954 et
1064 3887 1207 3969 exposita
1228 3904 1291 3950 non

135 3973 262 4056 luerint,
286 3975 335 4040 vel
358 3977 539 4058 opinionum
555 3983 730 4043 commenta
752 3996 809 4059 pro
833 3977 962 4042 rationis
979 3975 1080 4042 effatis
1103 3975 1299 4040 habeantur..

135 4061 265 4125 Omnem
289 4063 386 4145 igitur
409 4065 614 4130 assertionem
642 4066 767 4130 veritati
790 4066 985 4129 illuminatae
1006 4062 1079 4127 fidei
1102 4062 1301 4145 contrariam·

133 4203 345 4213 —————.

245 4270 265 4336 ¹)
283 4272 362 4330 Joan.
381 4274 403 4332 l.
423 4276 463 4331 17.
537 4273 558 4343 2)
579 4275 602 4331 l.
621 4273 684 4330 Cor.
703 4275 736 4331 ll.
755 4277 832 4332 7-9.
906 4274 928 4343 ⁸)
946 4273 1047 4328 Mattb.
1067 4273 1115 4329 Xl.
1133 4275 1176 4329 25.

244 4346 264 4409 ⁴)
282 4346 308 4399 2.
328 4343 389 4398 Cor.
410 4344 441 4401 V.
462 4347 484 4401 7.
