2946 4942
205 319 267 381 150
696 331 864 380 rossanam

409 486 462 551 De
485 505 641 551 concursu
664 486 708 551 od
728 486 948 552 Parecboram
971 488 1157 555 electionem,

308 607 502 674 Concursum
518 608 560 672 ad
578 607 790 672 Parochorum
807 607 989 674 electionem
1011 611 1044 675 in
1059 611 1166 676 multis
1181 610 1362 692 regionibus

202 697 393 764 obsolevisse
415 713 507 760 nemo
530 701 578 759 est
600 696 653 775 qui
669 697 798 759 nesciat.
832 696 901 761 Hoc
923 716 997 761 vero
1021 717 1060 762 ex
1074 698 1180 763 multis
1203 698 1362 778 variisque

203 785 306 850 causis
324 784 437 859 evenit,
463 782 520 846 sed
542 783 612 846 ideo
629 781 736 846 forsan
752 784 922 864 praecipue
939 785 1012 865 quia
1027 786 1094 850 sola
1109 784 1175 849 fere
1197 785 1229 848 in
1245 784 1362 866 eligen-

203 872 251 938 dis
274 870 497 936 attendehatur
518 871 659 947 scientia,
683 871 817 950 ipsomet
832 871 1028 951 probationis
1045 873 1129 937 exitu
1147 873 1360 955 comprobata,

202 977 265 1025 non
288 963 393 1023 autem
425 959 503 1021 satis
526 957 755 1037 respiciebatur
784 959 824 1022 ad
846 960 1009 1039 pietatem,
1033 959 1075 1023 ad
1097 965 1223 1024 sanctos
1247 978 1361 1038 mores,

202 1053 236 1112 et
260 1047 301 1111 ad
324 1044 511 1127 parochialis
539 1045 698 1125 regiminis
720 1046 887 1126 peritiam;
921 1047 1004 1111 unde
1027 1064 1121 1128 saepe
1144 1045 1241 1111 fiebat
1264 1052 1300 1109 ut
1323 1047 1363 1110 ad

201 1134 358 1216 regendas
389 1134 524 1213 majores
547 1132 712 1212 parochias
736 1138 1004 1213 promoverentur,
1037 1136 1090 1214 qui
1121 1153 1162 1198 ne
1184 1133 1273 1215 digni
1295 1133 1363 1214 qui-

203 1222 274 1287 dem
296 1220 429 1285 fuissent
451 1220 623 1284 minoribus
646 1217 782 1300 praefici.

309 1306 528 1386 Quamobrem,
551 1306 604 1371 ubi
628 1325 795 1371 concursus
818 1308 849 1370 in
873 1325 933 1370 usu
962 1307 1107 1386 habetur,
1130 1325 1260 1372 necesse
1282 1305 1364 1372 foret

202 1415 270 1460 rem
294 1397 339 1460 ita
362 1395 515 1473 componi,
546 1398 582 1458 ut
604 1394 759 1458 latissima
790 1394 1023 1475 relinqueretur
1044 1395 1199 1476 episcopis
1220 1394 1366 1473 libertas,

204 1483 348 1548 omnihus
364 1482 545 1562 ‚perspectis
569 1485 601 1545 et
615 1481 747 1560 libratis,
772 1499 834 1558 coc,
858 1501 915 1562 pro
940 1499 997 1546 sua
1017 1482 1194 1562 prudentia,
1218 1482 1368 1562 eligendi,

203 1571 340 1651 quinon
364 1569 464 1632 solum
489 1568 585 1646 docti,
615 1569 670 1632 sed
696 1576 728 1633 et
752 1588 788 1632 ex
812 1570 896 1633 omni
926 1574 1019 1650 parte
1044 1571 1143 1650 magis
1167 1569 1255 1650 digni
1277 1569 1370 1633 vide-

202 1662 322 1735 rentur,
346 1655 533 1738 posthabitis
558 1655 748 1721 doctioribus
772 1657 827 1720 sed
850 1657 952 1720 minus
977 1656 1088 1736 dignis.

308 1745 344 1808 In
367 1744 444 1809 locis
472 1750 578 1807 autem
601 1743 668 1820 ubi,
697 1748 829 1823 propter
855 1743 1028 1823 peculiares
1062 1761 1186 1821 causas,
1218 1742 1271 1806 lex
1293 1760 1364 1806 con·

204 1850 314 1896 cursus
336 1850 399 1895 non
415 1835 464 1894 est
486 1832 517 1893 in
533 1849 602 1908 usu,
627 1829 869 1911 difficiliorisque
890 1832 994 1911 praxis
1009 1828 1100 1910 foret,
1124 1847 1238 1911 scopus
1253 1829 1365 1893 nihilo-

204 1920 308 1984 minus
340 1918 421 2000 legis
450 1918 652 1998 obtinebitur,
687 1920 713 1981 si
746 1919 779 1981 in
811 1918 1033 2000 promovendis
1066 1917 1213 1998 parochis
1247 1935 1365 1999 magna

203 2006 361 2072 habeatnr
383 2005 464 2070 ratio
487 2006 645 2084 scientiae,
670 2007 759 2088 cujus
783 2006 915 2085 quisque
937 2005 1156 2086 probationem
1178 2004 1365 2082 exhibuerit,

204 2098 272 2159 turn
294 2095 327 2157 in
351 2094 536 2170 seminariis,
560 2099 626 2156 tum
649 2094 682 2156 in
705 2094 900 2157 examinibus
927 2093 1121 2171 clericorum,
1142 2090 1364 2172 juniorumque

205 2181 415 2259 sacerdotum,
439 2187 506 2243 tum
529 2180 562 2242 in
585 2178 805 2244 collationibus
828 2179 1060 2257 ecclesiasticis,
1083 2187 1151 2243 tum
1174 2179 1311 2242 maxime
1334 2179 1366 2241 in

120 2298 124 2305 =
205 2267 385 2332 obtinendis
416 2267 567 2348 gradihus
598 2268 787 2353 academicis
818 2266 1094 2344 baccalaureatus,
1128 2266 1311 2330 licentiatus
1334 2270 1367 2329 et

206 2356 408 2421 doctoratus:
432 2356 478 2418 ita
500 2361 544 2434 ut,
563 2356 697 2418 caeteris
721 2355 860 2436 paribus,
884 2354 933 2418 vel
949 2373 1010 2418 non
1033 2353 1167 2417 multum
1182 2353 1372 2434 imparibus,

205 2444 327 2509 doctior
349 2443 451 2509 minus
474 2443 567 2506 docto
590 2460 713 2523 semper
736 2441 978 2522 praehabeatur.

309 2531 354 2595 Ut
368 2548 443 2595 vero
467 2530 504 2593 de
521 2530 672 2595 scientiae
687 2530 925 2611 probationibus
941 2529 1058 2593 certius
1074 2530 1243 2606 constaret,
1260 2526 1371 2591 simul·

204 2637 265 2700 que
287 2618 389 2699 magis
413 2617 642 2681 accenderetur
668 2618 843 2683 studiorum
867 2615 1051 2694 aemulatio,
1079 2615 1178 2679 statui
1200 2619 1310 2694 posset
1332 2618 1369 2678 ut

203 2705 284 2770 varii
317 2705 501 2770 meritorum
535 2704 653 2786 gradm
687 2706 720 2769 in
749 2705 845 2769 variis
873 2703 935 2768 illis
964 2702 1202 2783 probationibus
1236 2701 1369 2766 exhibiti

205 2811 268 2858 non
292 2791 393 2856 solum
417 2792 450 2855 in
472 2792 606 2872 regestis
628 2793 739 2871 notari,
763 2791 937 2856 sedetiam
960 2790 1084 2872 vulgari
1107 2789 1269 2855 deberent.
1382 2812 1384 2815 ·

511 2965 563 3031 De
580 2966 823 3047 praedicatione
844 2966 931 3030 aaa
953 2965 1064 3028 diuini.

311 3087 380 3154 Non
404 3089 510 3170 pauci,
541 3089 648 3170 hodie,
680 3089 768 3154 verbi
791 3089 887 3154 divini
908 3088 1157 3169 praedicatores,
1185 3103 1225 3148 ne
1248 3082 1371 3148 multos

205 3175 384 3256 dixerimus,
408 3178 440 3240 in
462 3179 585 3260 magnis
607 3178 793 3258 praesertim
817 3176 1005 3256 civitatibus
1027 3173 1211 3256 praedicare
1234 3189 1373 3236 noscun-

206 3268 259 3330 tur
282 3264 375 3329 modo
398 3266 498 3345 magis
521 3264 749 3346 philosophico,
772 3265 935 3343 litterario,
959 3267 991 3327 et
1006 3261 1152 3339 naturali,
1176 3277 1271 3341 quarn
1294 3275 1372 3322 vere

207 3348 406 3429 Christian03
436 3351 520 3417 unde
543 3352 669 3416 illorum
692 3353 869 3430 conciones,
892 3350 993 3416 solida
1017 3349 1159 3414 doctriua
1181 3363 1314 3424 vacuae,
1339 3349 1385 3409 etv

206 3439 345 3503 motibus
379 3439 441 3503 illis
474 3457 512 3504 ac
539 3443 651 3505 sancta
682 3441 829 3504 unctione
859 3437 1046 3518 destitutae,
1077 3453 1158 3516 quae
1190 3435 1230 3499 ad
1264 3431 1372 3497 cordis

208 3527 478 3608 compunctionem
502 3529 623 3592 animas
647 3528 798 3607 excitant,
829 3526 881 3590 vel
903 3524 1006 3589 nullos
1029 3524 1165 3601 omnino,
1195 3518 1247 3585 vel
1271 3519 1371 3585 modi·

208 3614 349 3680 cissimos
372 3619 495 3679 tantum
518 3613 639 3679 fructus
654 3614 842 3696 producunt,
859 3617 891 3677 et
907 3609 1076 3690 auditores,
1101 3609 1195 3673 etiam
1210 3606 1370 3685 assiduos,

207 3703 240 3766 in
262 3719 379 3782 magna
401 3706 434 3765 et
454 3702 593 3784 lugenda
615 3703 796 3784 ignorantia
818 3699 978 3780 religionis
1000 3697 1193 3778 relinquunt.

314 3786 435 3853 Summi
457 3791 555 3871 igitur
576 3789 672 3870 pretii
695 3805 763 3852 esse
786 3786 958 3866 videretur,
989 3785 1016 3849 si
1040 3783 1215 3848 Concilium
1238 3780 1372 3846 Vatica-

208 3894 296 3957 num,
335 3874 403 3943 Sac.
437 3874 571 3941 Concilii
603 3876 779 3940 Tridentini
811 3875 951 3956 vestigiis
985 3872 1166 3952 inhaerens,
1205 3869 1371 3933 decretum
1450 3952 1468 3963 ί

208 3962 344 4044 speciale
374 3983 413 4029 ea
443 3964 482 4028 de
511 3982 546 4029 re
570 3964 692 4044 ederet,
726 3963 843 4042 inquo
878 3959 1023 4044 explicite
1052 3976 1144 4023 veras
1167 3954 1382 4021 Christianae·

208 4051 451 4132 praedicationis
473 4051 602 4134 regulas
622 4051 765 4116 traderet
786 4055 820 4114 et
834 4049 1006 4127 intimaret,
1030 4063 1138 4112 omnes
1159 4043 1249 4110 verbi
1273 4042 1375 4108 divini

208 4138 445 4218 praedicatores
461 4139 586 4204 fortiter
609 4136 844 4215 commonendo,
869 4139 1024 4216 quatenus
1040 4133 1275 4214 Scripturarum
1291 4129 1372 4194 divi·

208 4241 337 4305 narum,
369 4226 421 4292 SS.
455 4226 585 4291 Patrum
613 4230 645 4290 et
666 4243 775 4290 sacrae
801 4223 979 4303 theologiae
1006 4221 1111 4286 studio
1139 4217 1377 4294 incumbentes,

208 4310 283 4378 inde
304 4311 504 4394 potissimum
525 4313 711 4379 concionum
739 4328 867 4376 suarum
889 4309 1054 4374 haurirent
1075 4306 1237 4384 materias,
1270 4309 1305 4369 et
1326 4304 1371 4367 ita
