2946 4942
177 334 241 393 212
671 348 839 397 rosnarum

175 486 318 551 sublatus
346 485 531 552 humilitatis
564 505 668 565 meae,
704 494 735 552 et
765 506 858 570 super
888 487 1123 553 Candelabrum
1145 492 1271 571 positus
1299 498 1333 556 ut

175 592 245 638 mea
267 572 319 639 lux
344 591 448 639 coram
464 573 674 639 dileetissimis
697 575 730 638 in
745 575 871 641 Christo
887 575 958 640 filiis
982 575 1111 654 luceret,
1136 581 1212 642 ante
1230 578 1332 643 omnia

175 661 283 725 curavi
303 661 463 726 lucernam
479 661 651 726 accendere
675 663 705 726 in
723 660 852 728 Camino
872 664 953 742 ignis
977 664 1128 742 ardentis,
1152 665 1185 729 in
1200 665 1332 744 Lumine

174 765 257 826 vero,
281 748 312 811 in
335 748 467 813 Nomine
482 747 594 827 JESU,
620 754 651 813 et
673 748 757 814 fucta
780 756 829 815 est
844 751 944 831 prima
966 769 1027 814 vox
1050 751 1239 833 episcopalis
1257 770 1330 818 mea

173 836 250 916 ipsa,
273 852 354 915 quae
374 836 556 917 praedictae
574 836 764 902 Academiae
778 837 911 902 Tessata
926 834 1044 902 tuerat:
1072 837 1203 917 ,Sciant
1224 845 1332 920 pentes

173 923 250 1003 quia
273 922 398 987 Nonren
421 923 478 986 tibi
501 922 672 989 JEsUsf‘

276 1009 421 1088 Accedit,
445 1009 650 1075 venerabiles
673 1011 798 1088 Patres,
829 1011 914 1093 quod
941 1030 979 1075 en
1001 1012 1104 1094 prima
1126 1013 1178 1078 die
1200 1014 1328 1079 institu-

171 1098 265 1163 tionis
281 1097 471 1161 Academiae
486 1103 611 1162 nostrae
633 1096 748 1163 ardens
770 1104 838 1163 erat
853 1099 883 1163 in
908 1118 962 1163 cor
977 1105 1119 1163 nostrum
1136 1100 1327 1167 desiderium

172 1186 263 1250 utin
285 1184 384 1250 Missa
405 1183 601 1250 sanctissimi
623 1184 764 1250 Nominis
779 1185 880 1251 JESU
903 1204 984 1250 nora
1005 1194 1101 1266 atque
1124 1187 1265 1268 propria,
1289 1189 1326 1253 ad

172 1272 349 1354 augendam
366 1271 505 1352 ejusdem
522 1272 723 1337 admirabilis
738 1272 879 1354 Nominis
896 1274 1028 1353 gloriam
1043 1273 1217 1339 'adderetur
1233 1274 1326 1341 Prae·

170 1359 256 1425 latio.
291 1359 334 1423 Et
349 1363 432 1439 eece,
455 1359 534 1424 talia
556 1378 606 1423 me
622 1360 790 1442 cogitante,
814 1378 896 1424 nova
911 1359 1076 1426 Praelatio·
1087 1380 1124 1425 en
1137 1361 1245 1448 corde
1260 1380 1327 1429 meo

170 1447 312 1528 prosiliit,
336 1456 369 1511 et
392 1465 429 1510 ex
452 1447 545 1511 corde
569 1447 610 1511 ad
633 1465 667 1512 os
690 1447 814 1528 saliens,
837 1447 941 1513 laetus
956 1447 1163 1528 exultansque
1185 1451 1323 1514 cunavi:

163 1613 165 1617 .
283 1533 361 1598 Vere
388 1533 521 1616 dipnuru
545 1537 598 1598 etc.
630 1571 671 1579 -
706 1534 821 1599 Sancta
845 1533 950 1612 Pater,
982 1535 1178 1616 omnipotens
1202 1542 1328 1602 aeterne

162 1623 269 1687 'Deus
324 1621 387 1702 Qui
425 1619 594 1704 Unipenito
624 1620 714 1686 Filio
748 1625 800 1685 tuo
834 1623 869 1685 in
900 1625 1082 1701 assumptae
1114 1623 1326 1689 humanitatis

160 1710 302 1775 *acritate
329 1708 420 1774 nobis
442 1715 529 1786 nato,
561 1705 820 1773 Sacratissirnuru
848 1707 968 1775 JESU
998 1705 1133 1787 Nomen,
1169 1711 1256 1789 quoa
1282 1716 1325 1777 est

168 1816 266 1876 super
293 1816 383 1862 ornae
412 1815 539 1874 aarum,
569 1800 695 1860 aeterua
718 1796 849 1860 consitio
876 1796 1013 1863 donasti.
1064 1795 1141 1876 Ipse
1164 1798 1252 1861 eninr
1268 1799 1326 1879 pio

159 1881 291 1949 'Oruore
313 1888 400 1949 aetus
432 1886 575 1947 nostrane
605 1882 737 1947 detersit
750 1882 934 1963 piaculum,
966 1889 996 1946 et
1020 1881 1131 1948 Crucis
1154 1885 1323 1965 supplicio,

168 1975 268 2036 urorte
292 1969 497 2050 triuurpbata,
521 1969 694 2033 burnanuua
716 1989 817 2052 penus
835 1970 979 2050 perfecta
999 1969 1139 2050 filiorum
1156 1971 1323 2052 adoptione

161 2069 184 2123 'e
200 2062 361 2139 perpetua
388 2055 760 2137 eopctosttoresuoeruua.
815 2057 1016 2137 Quapropter
1045 2056 1178 2121 Nemini
1210 2057 1328 2125 JESU

167 2145 369 2209 sanctissimo
386 2143 574 2220 coelestium,
598 2145 796 2207 terrestrium
811 2149 841 2208 et
863 2145 1060 2223 infernorum
1072 2164 1166 2210 omne
1184 2144 1327 2222 riectitur

167 2252 264 2315 penu,
296 2237 325 2295 ct
347 2231 391 2294 ad
413 2230 574 2295 (deuterum
604 2235 691 2294 tuam
714 2251 823 2294 auum
844 2230 949 2295 Deuru
979 2251 1146 2313 ruuntque
1168 2232 1325 2298 bominem

166 2337 264 2399 super
288 2317 408 2397 omnia,
440 2337 519 2398 puae
539 2335 603 2398 per
624 2317 730 2396 ipsura
750 2318 869 2397 fecisti,
898 2315 1054 2383 JESUM
1074 2339 1213 2400 reparare
1237 2319 1326 2385 socia

159 2405 364 2487 professione
396 2405 586 2484 confitemur.
636 2403 700 2469 Sed
728 2410 758 2468 et
785 2423 943 2484 supernae
971 2404 1111 2470 Virtutes
1142 2412 1238 2486 atquae
1267 2427 1324 2469 au-

163 2493 285 2577 peiicae
307 2491 485 2557 Potestatcs
516 2493 552 2555 in
573 2491 629 2556 boe
658 2491 753 2554 unico
775 2492 965 2558 radiationis
986 2492 1123 2556 Narniae
1145 2492 1323 2574 gloriantes

164 2581 314 2663 lipianum
337 2579 507 2661 Maiestati
529 2584 603 2642 tuae
625 2578 795 2644 coricinuut
816 2580 886 2644 sine
906 2580 971 2660 piae
993 2578 1139 2645 dicentes.

270 2664 473 2732 venerabiles
496 2665 618 2745 Patres,
643 2666 730 2730 Deus
747 2666 975 2748 investigabilis
997 2667 1031 2731 in
1053 2666 1113 2730 viis
1135 2667 1212 2745 suis,
1237 2675 1271 2733 et
1291 2669 1320 2732 in

159 2755 286 2838 judiciis
315 2752 637 2833 incomprehensibilis
671 2758 765 2832 atque
796 2754 1058 2835 sapientissimus,
1090 2753 1322 2835 postulationes

163 2859 332 2924 precesque
366 2845 492 2904 nostras
526 2845 594 2904 tum
627 2840 683 2905 Pio
715 2839 776 2904 PP.
805 2845 914 2905 octavo
946 2859 1002 2922 per
1029 2842 1319 2907 Eminentissimum

161 2927 253 2994 Rullo
277 2927 372 2994 Scilla
403 2925 645 3008 Neapolitanum
668 2927 956 3009 Archiepiscopum,
984 2934 1052 2992 tum
1072 2933 1148 3010 post
1170 2931 1321 3012 temporis

75 3085 79 3100 ,
162 3017 304 3099 elapsum
326 3034 383 3097 per
406 3031 615 3079 successorem
638 3013 706 3095 ejus
728 3016 1016 3080 Eminentissimum
1033 3013 1218 3081 (larucciolo
1244 3016 1320 3082 Gre-

161 3105 248 3188 gorio
282 3102 343 3168 PP.
378 3102 499 3166 decimo
531 3107 618 3166 sexto
643 3102 778 3181 delatas,
808 3102 909 3167 noluit
931 3108 967 3167 ut
997 3107 1137 3167 nostram
1170 3107 1317 3185 probaret

161 3192 371 3258 constantiam
402 3190 464 3254 cito
496 3190 654 3256 exaudire.
706 3189 803 3254 Sacra
837 3191 919 3254 enim
945 3190 1074 3254 Rituum
1105 3187 1318 3273 Congregatio

160 3283 325 3355 statuerat,
349 3276 433 3341 ultra
455 3277 488 3340 in
511 3277 617 3341 Missis
639 3294 735 3341 novas
758 3275 969 3358 praefationes
991 3295 1055 3341 non
1078 3277 1208 3344 addere.

264 3365 308 3429 At
329 3383 420 3440 nunc,
444 3363 648 3428 venerabiles
671 3363 792 3442 Patres,
815 3363 918 3430 levate
941 3364 1048 3429 oculos
1071 3371 1213 3443 vestros3
1246 3384 1316 3431 ecce

31 3429 33 3433 ¹
55 3442 58 3446 “
159 3459 236 3536 quot
259 3452 548 3535 percrebrescentia
562 3451 655 3530 mala,
672 3469 754 3532 quae
770 3452 956 3516 minitantur
970 3453 1095 3532 penitus
1112 3450 1314 3517 christianam

159 3548 192 3606 et
225 3540 346 3606 civilem
381 3540 564 3606 societatem
599 3541 757 3604 everteret
811 3538 893 3604 Ecce
925 3537 980 3602 lilii
1002 3537 1103 3603 Belial
1135 3538 1315 3605 exultantes

158 3629 248 3711 qnasi
270 3628 405 3692 victores
429 3631 520 3708 capta
535 3626 662 3706 praeda,
687 3626 811 3706 quando
834 3626 977 3690 dividunt
1000 3625 1109 3706 spolia,
1133 3627 1315 3707 regionibns

157 3804 217 3884 que
242 3803 401 3867 doctrinas
424 3804 621 3865 invexeruntl
659 3800 751 3878 Ecce,
775 3800 922 3865 horresco
945 3799 1093 3878 reterens,
1117 3801 1232 3882 impius
1256 3801 1313 3866 Re·

156 3909 258 3956 nanus
293 3889 444 3968 sacrilege
478 3887 693 3969 blasphemat,
730 3894 762 3952 et
793 3887 876 3951 illius
910 3886 1112 3967 blasphemiis
1142 3887 1221 3952 socii
1249 3889 1314 3970 ejus

156 3978 320 4058 plaudunt,
343 3976 476 4055 illasque
491 3980 648 4056 repetunt,
672 3979 705 4038 et
727 3992 862 4056 granum
878 3971 950 4037 fidei
973 3994 990 4037 e
1013 3973 1160 4038 cordibus
1175 3972 1312 4040 fidelium

156 4064 290 4129 evellere
314 4069 473 4128 conantur.
508 4062 612 4143 Luget
636 4061 750 4137 Gallia,
775 4062 862 4142 luget
882 4061 977 4124 Italia
1000 4061 1191 4141 Europaque
1214 4061 1312 4144 luget,

155 4168 229 4216 nam
251 4156 408 4215 torrentes
432 4149 615 4231 iniquitatis,
645 4149 856 4229 corruptionis
879 4154 975 4228 atque
1003 4147 1220 4228 blasphemiae
1241 4167 1315 4214 con·

154 4238 365 4303 turbaverunt
388 4238 576 4319 Ecclesiam,
608 4240 772 4316 totumque
804 4235 953 4299 mundum
982 4235 1014 4299 in
1037 4236 1215 4317 gurgitibus
1249 4237 1313 4300 suis

151 4325 215 4407 jam
244 4327 310 4408 jam
347 4324 526 4391 absorbent.
585 4324 697 4389 Adhuc
728 4323 842 4387 Manus
876 4322 1000 4387 Domini
1034 4327 1175 4402 extenta,
1211 4323 1313 4389 adhuc
