2954 4936
159 343 221 404 202
648 353 814 402 rosunum

155 497 223 561 Deo
247 496 352 573 dante,
376 495 540 559 desistant.
596 493 654 558 His
676 496 804 574 iuquam
826 492 999 572 perpensis,
1031 489 1196 555 videretur
1217 490 1314 570 quod,

155 585 183 646 si
204 583 397 664 propositum
432 581 561 646 schema
582 579 744 644 Ecclesiae
772 580 848 643 utile
871 597 909 643 ex
938 578 988 642 sui
1011 577 1210 642 ordinatione
1230 576 1316 656 jndi-

157 675 291 743 caretur,
325 669 401 732 illud
425 669 551 733 admitti
573 675 679 748 posset
708 669 740 730 in
763 669 855 749 praxi
883 665 1102 730 adducendum
1123 665 1157 728 iu
1179 663 1317 728 diversis

158 757 357 822 Dioecesibus
380 763 475 835 prout
499 755 615 836 singuli
638 753 788 836 Episcopi
805 754 996 836 judicabunt
1017 753 1057 816 de
1073 752 1317 834 opportunitate

155 846 187 909 id
210 844 393 925 praestandi
416 845 449 907 iu
471 844 598 924 propria
621 843 776 907 Dioecesi.

261 931 379 1008 Quibus
414 933 548 1011 ingenue
583 940 615 993 et
649 934 743 1010 prout
776 929 905 1009 spiritus
939 934 970 991 et
999 925 1162 990 Ecclesiae
1196 925 1317 990 bonum

156 1037 327 1100 suggerere
356 1018 543 1081 videbantur
576 1019 733 1098 expositis,
768 1016 923 1096 reliquum
953 1018 1060 1078 estut
1088 1030 1140 1076 me
1163 1030 1320 1094 measque

156 1108 382 1187 propositiones
406 1105 471 1170 RR.
495 1105 555 1168 PP.
580 1104 696 1168 saniori
716 1103 834 1183 judicio
856 1101 1063 1166 libentissime
1085 1100 1261 1179 subjiciam.

589 1242 775 1324 †Raphael
799 1240 973 1322 Episcopus
997 1217 1210 1320 albinganen.

626 1502 849 1569 APPENDIX.

263 1643 380 1706 Verum
403 1644 429 1706 si
453 1661 549 1723 supra
571 1644 740 1707 enunciata
770 1642 943 1722 propositio
966 1640 1165 1705 admittenda
1185 1660 1207 1704 a
1229 1641 1317 1704 Rmis

158 1730 307 1794 Patribus
329 1749 391 1795 nou
414 1731 582 1808 videretur,
616 1730 748 1793 alteram
771 1728 927 1810 subjicere
949 1730 1099 1793 auderem
1122 1733 1159 1791 ut
1180 1727 1318 1809 praefati

159 1817 345 1882 Sacerdotes
377 1818 490 1896 quibus
526 1819 627 1898 repeti
661 1823 768 1896 potest
799 1815 878 1879 illud
910 1815 1091 1895 Evangelii:
1130 1815 1235 1892 „Quid
1266 1816 1318 1879 hic

158 1905 249 1968 statis
278 1911 347 1967 tota
376 1904 426 1967 die
459 1904 587 1968 otiosil“
626 1905 741 1984 quique
763 1921 917 1983 reponere
945 1909 1088 1983 possent:
1126 1921 1238 1979 „nemo
1261 1920 1317 1967 nos

158 1991 324 2056 conduxit“
339 1992 379 2055 ad
402 1992 528 2072 aliquod
544 2010 669 2055 sacrum
692 1990 741 2054 vel
757 1991 1000 2054 ecclesiasticum
1024 2007 1136 2054 munus
1159 1989 1247 2069 quod
1260 2007 1317 2053 nos

157 2078 362 2142 habitualiter
384 2087 553 2158 occupatos
582 2079 721 2142 detineat
749 2079 937 2156 obeundum,
973 2078 1160 2157 utinquam
1182 2075 1315 2157 praefati

158 2165 344 2230 Sacerdotes
368 2163 513 2229 fidelibus
536 2165 679 2229 utiliores
702 2166 884 2243 eraderent,
921 2170 955 2228 et
977 2166 1074 2228 vitam
1097 2164 1314 2228 statuieccle

158 2255 284 2316 siastico
307 2253 408 2332 magis
432 2270 599 2316 consonam
622 2252 782 2332 degerent.

264 2338 473 2419 Proponerem
489 2339 766 2421 praescribendum
785 2339 843 2402 sub
866 2339 957 2420 gravi
979 2345 1015 2402 ut
1030 2338 1173 2419 quotidie
1190 2336 1314 2419 aliquod

158 2432 292 2506 tempus,
316 2428 369 2506 qui
392 2427 433 2490 ad
455 2446 551 2490 uuam
567 2426 677 2490 boram
699 2427 902 2508 pertingeret,
925 2427 1122 2490 insumerent
1145 2425 1314 2506 partimin

159 2513 341 2577 recitatione
375 2532 502 2594 precum
537 2515 690 2578 vocalium
719 2515 794 2594 ipsis
828 2513 1102 2594 assiguaudarum‚
1139 2514 1257 2593 partim
1284 2513 1313 2576 in

159 2601 306 2664 exercitio
330 2601 475 2664 mentalis
492 2603 653 2680 orationis,
679 2602 725 2664 vel
743 2601 916 2682 spiritualis
938 2601 1098 2678 lectionis;
1120 2601 1207 2681 quod
1230 2605 1314 2665 exer·

160 2687 264 2750 citium
288 2705 341 2751 eos
365 2687 521 2768 obligaret
543 2695 670 2769 praeter
692 2695 878 2752 consuetum
901 2705 980 2752 onus
1005 2688 1111 2751 Diviui
1134 2686 1246 2753 Officii.

264 2774 313 2836 Ab
335 2773 392 2838 hoc
425 2793 505 2838 novo
529 2794 624 2839 onere
654 2794 708 2840 eos
731 2777 772 2838 ad
804 2782 930 2856 tempus
953 2774 1148 2856 dispensare,
1183 2773 1315 2839 facultas

159 2858 250 2922 fieret
264 2860 429 2943 Epi-scopis
451 2862 485 2924 in
507 2862 629 2926 casibus
646 2862 891 2941 particularibus
914 2867 947 2927 et
962 2863 1002 2926 ob
1026 2862 1187 2943 legitimas
1204 2879 1315 2927 causas

159 2965 216 3026 pro
240 2965 348 3010 eorum
371 2947 501 3012 arbitrio
525 2955 557 3013 et
580 2951 780 3015 conscientia.

536 3399 592 3481 14.
632 3398 937 3481 Posrdmruu

195 3554 344 3619 sorau
368 3555 674 3622 auunorrouuu
695 3555 813 3621 rusus
836 3554 1037 3621 ouuouror
1059 3555 1281 3624 aurursus.

263 3710 308 3776 Ut
329 3713 570 3778 Ecclesiasticae
592 3713 694 3795 Leges
716 3715 749 3777 iu
772 3731 884 3792 mores,
916 3713 947 3777 in
971 3713 1079 3790 vitam,
1114 3712 1148 3775 in
1171 3712 1317 3777 instituta

159 3798 400 3864 christianorum
422 3800 609 3882 populorum
633 3819 723 3865 suam
740 3801 899 3865 cumulate
922 3807 1071 3864 exserant
1086 3796 1315 3876 efficacitatem

158 3885 236 3950 nibil
258 3885 396 3967 profecto
412 3888 675 3953 accommodatius
698 3895 748 3952 est
769 3888 908 3969 nihilque
931 3886 1147 3967 opportunius,
1171 3904 1268 3967 quam
1291 3887 1317 3949 si

159 3974 292 4053 sapienti
315 3975 424 4038 ordine
448 3975 588 4056 digestae
610 3976 641 4039 in
665 3995 760 4039 unum
778 3976 915 4040 codicem
939 3974 1138 4056 colligantur,
1162 3975 1204 4037 ad
1229 3975 1316 4055 cujus

158 4077 300 4124 normam
323 4079 445 4126 sacrum
477 4061 529 4141 jus
553 4070 585 4127 et
608 4063 731 4127 dicatur
760 4065 793 4126 in
816 4062 882 4127 loro
912 4068 945 4126 et
967 4063 1115 4126 tradatur
1146 4062 1178 4125 in
1203 4061 1317 4126 sobolis

159 4153 192 4210 et
214 4147 246 4209 in
269 4165 344 4211 usus
367 4149 564 4229 quotidianos
592 4150 738 4232 religiose
769 4150 952 4215 deducatur.
1009 4148 1100 4225 Quod
1123 4165 1195 4214 cum
1219 4149 1316 4230 probe

159 4234 314 4297 sentirent
327 4235 393 4299 RR.
405 4234 582 4315 Pontifices,
605 4238 692 4302 nullo
708 4244 850 4318 tempore
866 4237 1098 4312 commiserunt,
1124 4241 1160 4299 ut
1175 4236 1315 4317 ipsorum

157 4320 320 4401 vigilantia
343 4328 375 4385 et
397 4322 650 4403 providentia'in
673 4325 731 4389 bac
752 4330 845 4406 parte
869 4326 1003 4391 deesset.
1038 4323 1109 4387 Huc
1131 4341 1207 4388 saue
1230 4339 1315 4402 speo-
