2946 4942
504 353 543 399 nn
566 349 782 400 annueramus.
1159 335 1222 397 ste

61 493 180 559 aetatis
203 491 449 571 undevicesimo,
477 490 519 556 ad
541 490 714 556 solemnem
745 496 891 568 votorum
922 488 1150 571 professionem
1173 507 1223 554 se-

62 579 203 646 eundum
224 579 366 660 regulam
390 597 427 644 ao
450 582 572 643 statuta
594 577 721 644 Ordinis
743 576 961 643 admittantur.

170 665 241 730 Tali
263 666 454 747 procedendi
483 666 661 730 rationein
690 667 838 731 Ordinem
869 664 1076 745 suscipiendis
1099 663 1221 729 onoasio

61 753 236 836 praebetur
257 770 292 818 se
315 758 347 818 et
370 771 416 833 ea,
448 770 529 833 quae
550 752 634 833 ipsos
662 753 696 816 in
718 753 868 833 religione
891 751 1073 830 manebunt,
1106 751 1167 815 rite
1191 756 1223 815 et

60 846 190 906 mature
211 840 376 921 probandi,
406 839 533 904 Ordinis
556 857 630 904 vero
661 858 698 906 ao
720 839 937 921 religiosarum
961 839 1110 903 domuum
1131 855 1223 919 proe-

61 928 184 1010 positis‚
207 927 360 1008 imprimis
382 926 572 992 novitiorum
595 928 753 1007 magistris
776 933 828 990 sat
850 944 957 992 morae
986 924 1220 1007 suppeditatur,

63 1015 104 1080 de
126 1013 232 1079 indole
255 1032 293 1079 ae
323 1015 487 1078 vocatione
512 1015 782 1095 suscipiendorum
804 1011 937 1078 tirmiter
955 1012 1126 1093 judicandi.
1172 1011 1223 1075 In-

62 1119 161 1184 super
182 1100 291 1167 eodem
318 1101 509 1182 procedendi
540 1101 634 1166 modo
663 1099 865 1166 difficultates
896 1104 1007 1181 sponte
1040 1117 1098 1163 sna
1121 1115 1222 1163 remo-

61 1194 288 1269 tantaequae
311 1205 410 1253 novae
432 1187 497 1268 legi
518 1187 686 1268 profitendi
709 1187 775 1253 fere
798 1189 914 1268 ubique
937 1191 1148 1269 opponuntur.

132 1306 136 1310 ·
169 1274 373 1357 Quapropter
385 1273 606 1355 .Congregatio
629 1275 972 1341 hebeto-benedictina
994 1273 1222 1338 instantissime

62 1366 221 1446 precatur,
255 1365 291 1425 ut
314 1365 487 1426 memorata
517 1361 568 1424 lex
591 1362 630 1426 de
652 1360 846 1443 professione
868 1367 1011 1426 votorum
1034 1359 1223 1442 simplicium

62 1450 178 1516 saitem
202 1450 305 1528 quood
326 1448 408 1526 iilos,
432 1449 486 1529 qui
509 1447 747 1514 aesomnes
766 1448 992 1529 suscipiuntur,
1015 1447 1057 1511 ad
1079 1451 1223 1511 tenorem

62 1537 224 1618 expositae
246 1535 467 1616 propositionis
490 1534 705 1616 modificatum
737 1536 821 1617 quod
843 1536 871 1599 si
893 1532 959 1613 fiat,
983 1534 1068 1599 diota
1091 1551 1222 1614 congre-

60 1625 150 1706 gatio
172 1620 263 1686 firma
292 1623 496 1703 persuasione
528 1639 564 1686 aa
586 1622 701 1688 fiducia
728 1625 899 1700 animatur,
936 1621 1089 1704 ejusmodi
1119 1620 1223 1701 dispo-

60 1711 208 1776 sitionem
231 1714 264 1774 et
287 1709 347 1774 sibi
369 1715 402 1774 et
416 1710 563 1774 universo
587 1707 617 1774 S.
633 1709 668 1776 P.
685 1708 846 1774 Benedicti
862 1708 973 1775 Ordini
994 1708 1027 1772 in
1049 1705 1222 1788 proiectum

60 1804 95 1862 et
118 1796 252 1861 salutem
276 1813 435 1861 cessuram
459 1813 538 1861 esse.

170 1883 292 1961 Quibus
314 1883 463 1964 expositis
486 1901 636 1961 summae,
661 1888 697 1947 ut
720 1900 779 1962 par
799 1886 856 1961 est,
880 1880 1090 1946 venerationis
1113 1886 1146 1945 et
1169 1881 1223 1945 ob-

58 1970 163 2052 sequii
185 1971 328 2035 sensibus
352 1988 402 2034 me
423 1968 575 2050 profiteor

275 2073 392 2138 Datum
415 2073 533 2139 Romae
556 2073 590 2138 in
613 2072 803 2138 monasterio
826 2070 857 2138 S.
883 2070 1006 2137 Callisti

464 2178 514 2242 die
539 2182 577 2241 31
605 2177 712 2240 Martii
738 2179 831 2242 1870.

273 2316 479 2382 humillimum
502 2322 535 2381 et
559 2315 870 2380 observantissimum
894 2332 1019 2378 servum

534 2417 758 2485 HENRICUM

337 2542 491 2607 Abbotem
512 2543 699 2608 monosterii
721 2540 940 2605 marturensis

192 2654 222 2712 et
243 2646 432 2712 Praesident
457 2645 713 2728 oonpreqotioror's
735 2643 1091 2710 tolneto-benedictinae.

170 2974 246 3042 Alia,
272 2990 341 3042 quae
365 2972 401 3028 ad
418 2974 567 3042 Regulares
592 2973 742 3040 pertinent,
768 2973 873 3026 inserta
897 2978 961 3026 sunt
990 2970 1141 3025 Postulatis
1168 2969 1222 3023 dis·

54 3062 193 3132 oiplinam
212 3061 411 3130 spectantibus,
430 3062 560 3129 imprimis
580 3059 685 3114 Galliae
704 3065 731 3114 et
748 3058 837 3127 Belgii
855 3057 1064 3126 Episcoporum.
