2946 4942
608 339 647 384 nc
670 338 849 386 mscrmmr.
1245 327 1307 411 201

148 495 236 540 mum
260 476 465 540 communiter
495 476 666 540 viventium
696 476 874 558 relinquere
906 477 1070 557 voluerint,
1106 495 1170 541 non
1191 478 1306 553 licebit,

147 564 209 628 nisi
225 564 356 628 obtenta
377 561 506 627 licentia
528 562 567 627 ab
585 563 765 643 Apostolioa
781 563 869 642 Sede,
894 570 988 644 prout
1004 561 1040 628 fit
1055 582 1074 627 a
1090 564 1309 646 Regularibus.

164 676 166 680 ¹
258 656 285 712 7.
311 649 497 715 Sacerdotes
520 651 574 731 qui
598 650 638 714 ad
661 649 839 732 praefatum
863 649 1047 716 convictum
1076 669 1110 716 se
1135 652 1309 723 conferunt,

149 739 183 802 in
205 755 316 801 marrus
341 736 517 818 Superioris
541 738 680 818 ejusdem
705 737 827 803 solvent
850 738 981 819 singulis
1004 739 1093 803 annis
1117 738 1237 804 fructus
1261 741 1311 804 sui

148 824 333 906 patrimonii
357 844 414 906 pro
437 824 627 890 victualibus
650 824 762 904 quibus
780 823 943 895 fruuntur:
976 827 1030 906 qui
1053 827 1080 890 si
1103 831 1213 890 tenues
1236 828 1308 902 sint,

148 930 208 976 nec
231 912 413 992 pertingant
436 911 477 974 ad
500 930 671 992 congruam
693 912 870 992 portionem
892 932 950 994 pro
974 915 1059 978 vitae
1080 915 1310 978 sustentatione

149 999 371 1076 necessariam,
388 998 533 1079 supplere
550 999 711 1063 debebunt
733 1018 804 1063 cum
821 1001 986 1064 missarum
1003 1000 1218 1082 eleemosynis,
1232 1019 1310 1080 quas

147 1086 211 1150 sibi
233 1086 451 1166 procurabunt
473 1086 523 1150 vel
547 1087 704 1164 accipient
728 1105 746 1150 a
769 1088 912 1152 Rectore·
929 1086 1107 1152 Convictus.

258 1171 290 1236 Si
312 1191 387 1254 pero
409 1171 530 1236 fructus
554 1173 737 1254 patrimonii
759 1176 896 1256 majores
919 1176 982 1237 sint
1005 1193 1144 1255 congrua
1167 1175 1310 1256 portione

148 1261 347 1340 supradicta,
381 1266 457 1324 tunc
479 1262 662 1340 pensionem
686 1263 903 1325 tantummodo
934 1262 1056 1326 solvent
1080 1262 1119 1326 ab
1142 1260 1311 1325 Ordinario

150 1347 337 1410 taxandam:
372 1347 508 1427 reliquos
541 1366 615 1411 vero
638 1347 759 1411 fructus
793 1349 853 1412 sibi
877 1367 1039 1412 reservare
1072 1366 1108 1412 ac
1132 1348 1170 1412 de
1193 1350 1231 1413 iis
1254 1367 1311 1430 pro

149 1434 255 1497 lubitu
280 1435 446 1516 disponere
470 1439 628 1514 poterunt.

258 1523 306 1584 De
329 1521 421 1585 modo
445 1522 569 1586 vivendi
598 1523 630 1586 in
654 1520 816 1598 Convictu,
853 1523 892 1586 de
915 1522 1161 1587 insubordinatis
1184 1528 1215 1586 et
1239 1541 1311 1587 con-

149 1609 328 1672 tumacibus
352 1609 553 1687 dimittendis,
580 1610 619 1673 de
640 1609 858 1673 vacationibus
883 1610 1051 1688 unicuique
1067 1608 1231 1674 Sacerdoti
1253 1628 1311 1691 per

150 1695 280 1776 aliquod
304 1702 428 1777 tempus
462 1696 677 1774 concedendis,
714 1697 808 1760 etde
842 1696 911 1760 aliis
934 1697 1062 1760 minoris
1087 1699 1236 1761 momenti
1260 1698 1312 1776 agi

150 1784 281 1864 poterit,
305 1783 332 1845 si
347 1783 613 1847 Reverendissimi
629 1783 741 1847 Patres
764 1783 822 1848 hoc
846 1782 971 1848 schema
987 1784 1218 1847 admittendum
1241 1801 1311 1848 esse

146 1870 344 1952 judicabunt.

263 1956 425 2021 Utilitatcs
448 1975 528 2037 qnae
552 1976 590 2021 ex
612 1957 671 2022 hac
696 1958 786 2021 domo
810 1958 841 2020 in
873 1958 1030 2022 communi
1053 1957 1224 2022 viventium
1255 1957 1312 2022 Sa-

150 2044 315 2108 cerdotum
344 2062 401 2124 pro
425 2043 585 2108 Ecclesiae
613 2046 694 2108 bono
727 2046 887 2126 expectari
919 2050 1059 2127 possunt,
1095 2051 1168 2110 sunt
1196 2044 1310 2126 plures,

149 2149 231 2210 quae
255 2130 421 2195 manifeste
445 2151 479 2195 se
503 2130 648 2197 offerunt,

262 2223 287 2283 l.
320 2217 456 2282 Facilius
480 2219 511 2282 in
535 2219 827 2283 neo-sacerdotibus
850 2220 1037 2297 servabitur,
1070 2220 1132 2283 imo
1156 2226 1189 2282 et
1216 2238 1313 2301 ange-

150 2305 238 2368 bitur
271 2306 400 2385 spiritus
428 2304 668 2370 Ecclesiasticus
701 2325 737 2370 nc
771 2307 899 2386 pietatis
926 2305 1039 2383 fervor,
1076 2325 1168 2386 quem
1200 2324 1313 2370 recens

151 2392 290 2456 ordinati
312 2411 387 2472 prae
410 2410 444 2457 se
468 2391 550 2457 ferre
575 2393 684 2471 solent,
707 2402 802 2472 atque
826 2413 845 2457 a
869 2392 1017 2473 periculis
1042 2399 1073 2456 et
1097 2393 1312 2457 occasionibus

151 2481 266 2544 renroti
282 2498 405 2543 morum
421 2482 643 2561 integritatem
662 2481 854 2545 custodient:
877 2480 951 2544 inde
973 2479 1058 2543 zelus
1075 2480 1115 2543 ad
1139 2481 1313 2543 animarum

152 2567 288 2631 salutem
320 2568 499 2645 curandam,
537 2574 569 2631 ct
598 2567 640 2630 ad
671 2569 834 2649 paroecias
866 2567 1123 2645 concurrendum,
1159 2573 1313 2649 utpotea

154 2653 276 2718 saeculi
300 2654 555 2719 distractionibus
579 2655 742 2720 immunes

260 2745 289 2806 2.
313 2740 412 2805 Sacra
428 2743 541 2820 studia,
567 2761 648 2823 qnae
671 2745 703 2805 in
720 2740 847 2806 Clericis
871 2740 911 2804 ad
927 2741 1138 2805 sacerdotium
1161 2742 1313 2820 promotis

151 2825 246 2892 finem
269 2826 388 2892 habere
412 2828 522 2907 solent,
547 2829 580 2892 in
602 2829 663 2893 hac
687 2829 778 2892 domo
802 2833 1034 2909 prosequentur
1058 2829 1314 2892 noo-sacerdotes

152 2914 296 2997 exemplo
328 2921 437 2980 mutuo
466 2934 500 2979 sc
532 2917 705 2980 excitantes
732 2923 765 2981 et
792 2935 847 2997 per
876 2915 1084 2979 conferentias
1112 2933 1192 2995 quae
1222 2917 1255 2978 iu
1278 2933 1315 2979 ea

155 3001 359 3067 haberentur.

258 3095 288 3152 3.
313 3091 485 3169 Episcopus
519 3108 556 3152 ex
586 3091 624 3154 iis
654 3089 813 3154 Convictis
845 3089 969 3154 facilius
1003 3088 1186 3168 dignoscere
1214 3090 1313 3169 possit

152 3177 281 3257 quinam
308 3179 372 3240 sint
402 3178 502 3256 magis
535 3179 600 3257 apti
627 3179 668 3241 ad
700 3179 859 3258 paroecias
889 3176 1044 3257 regendas
1068 3183 1099 3238 et
1122 3174 1184 3238 alia
1207 3176 1313 3239 munia

153 3263 380 3328 Ecclesiastica
403 3264 557 3327 obeunda.
1128 3304 1130 3307 .

259 3357 290 3413 4.
315 3350 348 3414 Si
382 3357 528 3415 occurrat
561 3351 697 3432 aliquem
728 3371 766 3414 cx
800 3351 847 3414 his
883 3349 1041 3414 Convictis
1075 3351 1201 3415 divitem
1236 3348 1313 3429 fieri,

153 3439 271 3518 poterit
296 3437 471 3518 Episcopus
495 3438 631 3517 aliquem
649 3437 805 3503 Clericum
829 3455 999 3519 pauperem
1024 3438 1171 3502 ordinare
1195 3438 1314 3518 absque

153 3527 351 3606 patrimonio,
377 3525 525 3589 alendum
542 3526 668 3589 adamo
693 3527 898 3590 communiter
921 3525 1090 3588 viventium
1107 3525 1313 3589 Sacerdotum

153 3613 328 3694 usquedum
352 3611 536 3677 beneficium
557 3613 684 3693 aliquod
700 3621 848 3691 assumat,
871 3613 922 3675 vel
945 3612 1070 3676 aliunde
1094 3613 1237 3692 provisus
1262 3612 1312 3675 sit.

258 3701 375 3764 Fateor
391 3701 535 3779 equidem
558 3701 711 3780 propositi
733 3701 870 3764 instituti
891 3700 1066 3764 executioni
1089 3698 1256 3763 nonnullas
1280 3717 1313 3761 sc

152 3784 265 3851 offerre
301 3784 500 3850 difficultates
522 3806 559 3850 ac
583 3787 756 3863 obstacula,
789 3793 855 3851 tum
878 3787 1001 3851 ratione
1025 3791 1204 3866 temporum
1227 3804 1313 3849 acer-

154 3874 278 3952 bitatis,
304 3879 371 3936 tum
394 3875 516 3938 ratione
541 3872 633 3950 Cleri,
664 3875 717 3953 qui
741 3875 773 3937 in
795 3876 911 3938 nostris
934 3874 1120 3954 praesertim
1145 3873 1313 3954 provinciis

152 3961 293 4041 quotidie
323 3961 466 4024 imminui
490 3962 689 4042 conspicitur,
727 3968 793 4023 tum
817 3960 941 4025 defectu
973 3961 1145 4024 mediorum
1170 3960 1212 4023 ad
1234 3959 1313 4022 illud

154 4049 337 4128 erigendum
362 4053 393 4111 et
416 4049 691 4111 manutenendum.
748 4049 894 4112 Attamen
922 4048 1001 4113 hacc
1025 4047 1188 4110 obstacula
1212 4064 1313 4125 neque

153 4133 260 4199 forsan
291 4135 323 4197 in
354 4135 473 4199 cunctis
507 4135 654 4199 catholici
687 4135 779 4200 Orbis
804 4134 1004 4199 Dioecesibns
1034 4152 1067 4197 se
1096 4131 1246 4197 offerunt:
1280 4134 1313 4197 in

153 4221 311 4303 aliquibus
342 4241 404 4286 non
429 4241 468 4285 ea
496 4229 570 4286 sunt
603 4241 682 4303 quae
713 4223 857 4302 superari
879 4221 945 4285 zelo
970 4226 1002 4284 ot
1024 4221 1227 4302 persistentia
1250 4239 1312 4285 non

155 4311 288 4388 possint:
312 4309 345 4373 in
368 4309 499 4374 caeteris
523 4316 627 4373 autem
651 4311 773 4390 sperari
795 4314 897 4390 potest
919 4314 956 4373 ut
970 4307 1085 4372 futuris
1108 4308 1311 4389 temporibus
