2946 4942
560 341 599 387 na
622 339 803 388 nrscrrcrul.
1199 322 1261 382 147

101 483 186 565 ligne
208 481 338 546 student
360 498 398 544 ex
429 479 623 560 primigeniis
645 478 814 544 bibliorum
835 478 1046 555 idiomatibus,
1076 475 1263 558 praesertim

101 590 142 637 err
171 571 324 634 hebraica
353 567 478 648 lingua,
512 565 644 646 aliisque
678 565 794 647 linguis
822 565 983 632 semiticia
1037 563 1139 628 Valde
1165 563 1263 644 igitur

102 656 277 740 optandum
299 660 357 733 est,
381 656 445 718 imo
467 671 598 734 prorsus
614 654 833 732 necessarium,
858 658 895 717 ut
912 653 998 734 apud
1014 650 1187 717 catholicos
1202 666 1265 713 non

103 748 265 825 torpescat
287 743 399 807 harum
422 741 602 821 linguarum
625 741 774 805 studium.
820 740 1031 822 Quapropter,
1062 739 1095 802 in
1119 737 1264 804 omnibus

104 833 289 898 clericorum
312 829 497 907 seminariis
520 827 678 892 tradenda
697 832 789 907 esset,
813 827 925 893 saltem
947 826 1150 908 peritioribus
1164 824 1264 906 alum·

104 920 163 998 nia
187 918 360 983 hebraicae
383 915 509 994 linguae
532 913 690 979 sufficiens
713 916 835 994 notitia,
867 922 903 978 ut
926 914 1017 980 facile
1039 918 1178 996 possent,
1202 912 1264 992 pri·

105 1006 188 1070 uatis
221 1010 333 1086 postea
367 1003 494 1082 studiis,
530 1003 571 1066 ad
604 1002 778 1083 pleniorem
810 1003 904 1085 hujus
939 1003 1065 1083 linguae
1098 1001 1266 1066 scientiam

105 1111 261 1172 usumque
276 1091 450 1172 pervenire.
484 1090 589 1171 Turpe
609 1091 763 1170 siquidem
782 1088 864 1154 ioret
878 1089 1055 1156 Ecclesiam
1070 1089 1265 1170 catholicam,

106 1199 188 1263 quae
209 1197 287 1245 vera
316 1184 366 1243 est
397 1195 560 1242 sacrorum
590 1177 742 1242 librorum
765 1183 872 1243 custos
902 1184 935 1243 et
957 1179 1129 1258 interpres,
1161 1177 1267 1244 studio

105 1269 285 1349 linguarum
307 1266 339 1330 in
366 1265 479 1345 quibus
501 1266 660 1345 primitive
688 1266 798 1345 scripti
827 1271 904 1331 sunt
926 1265 973 1329 illi
995 1265 1080 1344 libri,
1113 1266 1266 1331 minorem

108 1355 211 1421 celum
232 1372 271 1419 aa
292 1357 507 1434 protestantes
530 1357 563 1416 et
584 1353 760 1418 incredulos
783 1354 975 1434 impendere.

215 1440 329 1519 Quoad
354 1441 496 1521 linguam
520 1457 680 1522 graecam,
710 1441 742 1504 in
764 1459 827 1521 qua
857 1446 891 1506 et
919 1440 1027 1521 plures
1050 1458 1174 1521 quoque
1195 1440 1269 1506 libri

58 1594 60 1598 ,
109 1529 194 1595 sacri
225 1528 336 1609 scripti
369 1525 513 1606 fuerunt,
549 1531 581 1590 et
605 1531 655 1592 tot
689 1533 858 1608 supersunt
890 1528 1068 1594 traditionis
1097 1527 1271 1594 catholicas

109 1617 226 1682 eximia
240 1621 453 1694 monumenta,
477 1614 547 1695 quis
563 1632 626 1678 non
650 1615 757 1680 doleat
772 1616 840 1698 ejus
864 1617 1005 1681 studium
1019 1616 1065 1681 ita
1088 1616 1129 1680 in·
1144 1615 1270 1698 majori-

109 1706 171 1770 bus
193 1703 370 1768 seminariis
399 1701 625 1782 praetermitti,
658 1706 695 1765 ut
720 1702 813 1782 hujus
844 1703 972 1786 linguae
1004 1705 1118 1768 notitia
1140 1721 1271 1785 prorsus

109 1792 210 1856 iniis
240 1792 316 1874 ipsis
342 1789 511 1873 juvenibus
541 1788 739 1868 obliteretur,
774 1790 828 1870 qui
856 1791 885 1854 ei
919 1791 1130 1856 addiscendae
1162 1791 1271 1874 plures

111 1897 213 1944 annos
235 1879 269 1941 in
297 1877 469 1942 minoribus
492 1877 668 1941 seminariis
695 1877 939 1957 insumpserant.
990 1877 1271 1945 Praescribendum

110 1966 210 2048 igitur
240 1965 367 2030 omnino
391 1969 476 2029 esset
509 1973 544 2027 ut
565 1963 693 2045 linguae
724 1983 858 2046 graecae
881 1966 1021 2031 studium
1042 1967 1076 2030 in
1099 1965 1271 2048 majoribus

112 2052 208 2118 etiarn
230 2051 405 2117 seminariis
429 2050 604 2115 continuari
628 2050 767 2117 deberet.

119 2332 122 2336 Α
224 2259 275 2326 De
296 2259 518 2342 superioribas
540 2261 659 2325 stadiis
681 2261 903 2327 ecelesiasticis
926 2263 1161 2329 restaurandis.
1234 2298 1239 2308 ·

220 2400 498 2466 Evidentissimum
521 2404 569 2464 est
591 2401 747 2465 elementa
770 2401 934 2483 scientiae,
964 2402 1030 2467 sive
1053 2420 1177 2484 morae,
1208 2403 1276 2468 siva

112 2485 275 2571 profanae,
297 2487 435 2568 qualiter
456 2487 489 2552 in
512 2487 701 2568 seminariis,
724 2494 792 2553 tum
807 2489 988 2569 minoribus,
1013 2496 1081 2554 turn
1104 2489 1275 2571 maioribus

112 2575 202 2640 tradi
217 2576 327 2656 solent,
351 2575 531 2640 necessaria
547 2575 672 2656 quidem
689 2593 767 2655 esse,
784 2581 817 2641 et
832 2577 923 2656 quasi
937 2576 1098 2642 ulterioris
1115 2577 1276 2643 doctrinae

113 2661 334 2742 fundamenta,
356 2680 556 2743 nequaquam
579 2669 686 2729 tamen
709 2662 867 2742 sufficere,
897 2683 956 2730 nec
977 2665 1019 2729 ad
1041 2666 1276 2746 expositionem,

114 2767 177 2816 nec
197 2750 240 2814 ad
263 2748 473 2814 defensionem
493 2750 677 2830 dogmatum
699 2751 950 2832 christianorum,
975 2758 1070 2833 prout
1092 2752 1125 2815 id
1148 2757 1278 2817 nostrae

114 2837 236 2904 aetatis
258 2837 464 2902 necessitates
486 2838 693 2918 postularent.
828 2890 832 2897 ,

202 2924 325 2999 ¹Valde
347 2925 446 3005 igitur
478 2925 651 3006 optandum
674 2932 759 2991 esset
788 2926 940 3007 quosdam
963 2946 1057 3008 nuno,
1089 2928 1171 2992 sicut
1193 2926 1278 3007 olim,

115 3013 153 3093 in
181 3012 332 3095 cujusque
362 3011 524 3077 Ecclesiae
551 3012 643 3078 Claro
673 3015 758 3079 viros
789 3014 936 3094 inveniri,
973 3016 1027 3095 qui
1056 3014 1224 3095 specialius
1247 3016 1280 3079 et

115 3098 243 3182 plenius
277 3100 491 3180 superioribus
509 3120 510 3123 ¹
529 3101 643 3165 studiis
678 3101 902 3167 incumberent.
960 3099 1039 3165 Cum
1074 3107 1181 3166 autem
1217 3101 1279 3167 hoc

116 3188 327 3252 communiter
348 3206 408 3251 nec
429 3186 531 3266 facile,
560 3206 618 3253 nec
640 3187 834 3253 sufficienter
857 3190 1014 3268 praestari
1037 3190 1138 3271 possit
1160 3188 1281 3268 absque

116 3274 256 3357 publicis
292 3274 479 3354 quibusdam
513 3276 779 3353 institutionibus,
815 3313 858 3323 —
892 3275 1002 3357 quales
1037 3280 1160 3356 extant,
1191 3275 1281 3341 serbi

116 3363 234 3444 gratia,
264 3362 299 3425 in
321 3361 409 3426 Urbe
431 3361 540 3439 Roma,
571 3363 657 3443 apud
679 3364 803 3445 Belgas,
833 3369 866 3428 et
889 3364 974 3445 alibi,
1009 3401 1048 3409 -
1080 3363 1283 3429 utilissimum

116 3449 283 3514 videretur
297 3448 480 3531 Episcopus,
505 3452 742 3515 communicatis
765 3452 902 3516 consiliis
926 3456 958 3516 et
974 3453 1146 3530 conatibus,
1169 3467 1283 3517 curare

16 3574 25 3586 ·
117 3540 155 3602 et
182 3535 361 3601 allaborare
393 3542 443 3617 ut,
480 3546 607 3617 praeter
638 3539 820 3617 seminaria,
855 3539 972 3620 ubique
1004 3539 1159 3603 servanda
1188 3543 1222 3604 et
1250 3537 1284 3601 in

84 3673 86 3677 -
117 3623 285 3695 meliorem
307 3629 428 3688 statum
450 3625 645 3704 adducenda,
677 3627 918 3691 instituerentur
941 3627 1051 3704 etiarn,
1078 3632 1174 3707 prout
1195 3626 1284 3708 leges
1345 3691 1348 3698 ,

117 3728 289 3792 moresque
320 3711 473 3792 cujusque
505 3714 609 3792 gentis
639 3714 792 3794 sinerent,
827 3713 878 3778 vel
906 3732 1022 3794 magna
1044 3710 1200 3796 collegia,
1233 3712 1284 3778 vel

117 3797 365 3878 Universitates,
382 3799 414 3863 in
438 3800 550 3880 quibus
566 3800 751 3865 eminentior
774 3801 906 3865 scientia
922 3801 981 3866 coli
997 3802 1143 3881 tradique
1165 3807 1284 3883 posset.

479 4009 530 4074 Da
553 4009 744 4075 academicis
765 4011 929 4092 prodebas

166 4225 170 4230 ὓ
231 4145 358 4213 Gradus
386 4149 557 4214 academici
586 4155 673 4213 certe
696 4149 736 4214 ad
767 4151 981 4215 eminentioris
1012 4151 1162 4216 scientiae
1184 4153 1287 4218 zelum

118 4237 157 4301 in
180 4230 273 4300 Olero
297 4235 466 4301 fovendum
497 4237 652 4317 aptissimi
674 4242 756 4301 sunt.
807 4237 862 4303 Ut
875 4256 950 4303 vero
983 4236 1062 4303 finis·
1076 4239 1130 4304 ille
1152 4239 1287 4306 obtineri

117 4323 236 4409 possit,
260 4342 390 4390 necesse
412 4323 494 4389 foret
516 4325 636 4406 gradus
658 4324 816 4407 praefatos
831 4327 947 4392 nemini
962 4344 1110 4408 unquam,
1133 4328 1194 4392 nisi
1215 4331 1288 4409 post

978 4434 984 4441 ¹
1132 4430 1181 4484 ro*
