<?xml version="1.0" encoding="UTF-8"?>
<!DOCTYPE html PUBLIC "-//W3C//DTD XHTML 1.0 Transitional//EN"
    "http://www.w3.org/TR/xhtml1/DTD/xhtml1-transitional.dtd">
<html xmlns="http://www.w3.org/1999/xhtml" xml:lang="en" lang="en">
 <head>
  <title>
</title>
<meta http-equiv="Content-Type" content="text/html;charset=utf-8" />
  <meta name='ocr-system' content='tesseract 3.04.00' />
  <meta name='ocr-capabilities' content='ocr_page ocr_carea ocr_par ocr_line ocrx_word'/>
</head>
<body>
  <div class='ocr_page' id='page_1' title='image "./omniumconciliiv01martgoog_0134.png"; bbox 0 0 2946 4942; ppageno 0'>
   <div class='ocr_carea' id='block_1_1' title="bbox 571 344 813 392">
    <p class='ocr_par' dir='ltr' id='par_1_1' title="bbox 571 344 813 392">
     <span class='ocr_line' id='line_1_1' title="bbox 571 344 813 392; baseline 0.004 -3"><span class='ocrx_word' id='word_1_1' title='bbox 571 345 610 390; x_wconf 88' lang='lat' dir='ltr'>DE</span> <span class='ocrx_word' id='word_1_2' title='bbox 633 344 813 392; x_wconf 75' lang='lat' dir='ltr'>DISCIPLINA.</span> 
     </span>
    </p>
   </div>
   <div class='ocr_carea' id='block_1_2' title="bbox 557 516 830 722">
    <p class='ocr_par' dir='ltr' id='par_1_2' title="bbox 557 516 830 722">
     <span class='ocr_line' id='line_1_2' title="bbox 590 516 789 582; baseline 0 -1"><span class='ocrx_word' id='word_1_3' title='bbox 590 516 728 582; x_wconf 78' lang='lat' dir='ltr'><strong>CAPUT</strong></span> <span class='ocrx_word' id='word_1_4' title='bbox 750 517 789 582; x_wconf 89' lang='lat' dir='ltr'>II.</span> 
     </span>
     <span class='ocr_line' id='line_1_3' title="bbox 557 656 830 722; baseline 0.007 -2"><span class='ocrx_word' id='word_1_5' title='bbox 557 656 609 721; x_wconf 87' lang='lat' dir='ltr'>De</span> <span class='ocrx_word' id='word_1_6' title='bbox 631 657 830 722; x_wconf 73' lang='lat' dir='ltr'>Residenfo&#39;o.</span> 
     </span>
    </p>
   </div>
   <div class='ocr_carea' id='block_1_3' title="bbox 111 793 1330 1574">
    <p class='ocr_par' dir='ltr' id='par_1_3' title="bbox 111 793 1330 1574">
     <span class='ocr_line' id='line_1_4' title="bbox 219 793 1272 877; baseline 0.003 -19"><span class='ocrx_word' id='word_1_7' title='bbox 219 795 281 859; x_wconf 84' lang='lat' dir='ltr'>Sed</span> <span class='ocrx_word' id='word_1_8' title='bbox 303 797 377 875; x_wconf 91' lang='lat' dir='ltr'>quia</span> <span class='ocrx_word' id='word_1_9' title='bbox 391 814 448 860; x_wconf 88' lang='lat' dir='ltr'>suo</span> <span class='ocrx_word' id='word_1_10' title='bbox 464 814 601 875; x_wconf 89' lang='lat' dir='ltr'>munere,</span> <span class='ocrx_word' id='word_1_11' title='bbox 625 796 672 860; x_wconf 93' lang='lat' dir='ltr'>uti</span> <span class='ocrx_word' id='word_1_12' title='bbox 688 814 747 877; x_wconf 91' lang='lat' dir='ltr'>par</span> <span class='ocrx_word' id='word_1_13' title='bbox 762 800 819 873; x_wconf 89' lang='lat' dir='ltr'>est,</span> <span class='ocrx_word' id='word_1_14' title='bbox 843 793 933 877; x_wconf 84' lang='lat' dir='ltr'>iungi</span> <span class='ocrx_word' id='word_1_15' title='bbox 948 793 1095 877; x_wconf 80' lang='lat' dir='ltr'>Episcopi</span> <span class='ocrx_word' id='word_1_16' title='bbox 1111 800 1272 876; x_wconf 90' lang='lat' dir='ltr'>nequeunt</span> 
     </span>
     <span class='ocr_line' id='line_1_5' title="bbox 111 881 1273 964; baseline 0.005 -20"><span class='ocrx_word' id='word_1_17' title='bbox 111 881 173 944; x_wconf 89' lang='lat' dir='ltr'>nisi</span> <span class='ocrx_word' id='word_1_18' title='bbox 196 881 230 945; x_wconf 90' lang='lat' dir='ltr'>in</span> <span class='ocrx_word' id='word_1_19' title='bbox 246 881 390 947; x_wconf 87' lang='lat' dir='ltr'>Dioecesi</span> <span class='ocrx_word' id='word_1_20' title='bbox 405 888 644 962; x_wconf 83' lang='lat' dir='ltr'><strong>commorentur,</strong></span> <span class='ocrx_word' id='word_1_21' title='bbox 667 882 858 948; x_wconf 83' lang='lat' dir='ltr'>residentiae</span> <span class='ocrx_word' id='word_1_22' title='bbox 872 883 977 964; x_wconf 86' lang='lat' dir='ltr'>legem</span> <span class='ocrx_word' id='word_1_23' title='bbox 999 883 1032 945; x_wconf 92' lang='lat' dir='ltr'>in</span> <span class='ocrx_word' id='word_1_24' title='bbox 1055 881 1273 950; x_wconf 73' lang='grc'><strong>3161130116-</strong></span> 
     </span>
     <span class='ocr_line' id='line_1_6' title="bbox 112 967 1272 1051; baseline 0.004 -21"><span class='ocrx_word' id='word_1_25' title='bbox 112 967 205 1030; x_wconf 89' lang='lat' dir='ltr'>nibus</span> <span class='ocrx_word' id='word_1_26' title='bbox 229 971 411 1050; x_wconf 85' lang='lat' dir='ltr'>saepissime</span> <span class='ocrx_word' id='word_1_27' title='bbox 442 970 630 1035; x_wconf 80' lang='lat' dir='ltr'>inculcatam</span> <span class='ocrx_word' id='word_1_28' title='bbox 661 987 716 1035; x_wconf 88' lang='lat' dir='ltr'>eos</span> <span class='ocrx_word' id='word_1_29' title='bbox 739 986 867 1035; x_wconf 85' lang='lat' dir='ltr'>servare</span> <span class='ocrx_word' id='word_1_30' title='bbox 894 987 1022 1034; x_wconf 90' lang='lat' dir='ltr'>necesse</span> <span class='ocrx_word' id='word_1_31' title='bbox 1053 975 1110 1034; x_wconf 87' lang='lat' dir='ltr'>est.</span> <span class='ocrx_word' id='word_1_32' title='bbox 1160 970 1272 1051; x_wconf 91' lang='lat' dir='ltr'>Itaque</span> 
     </span>
     <span class='ocr_line' id='line_1_7' title="bbox 112 1056 1271 1138; baseline 0.003 -20"><span class='ocrx_word' id='word_1_33' title='bbox 112 1071 222 1119; x_wconf 87' lang='lat' dir='ltr'>omues</span> <span class='ocrx_word' id='word_1_34' title='bbox 244 1056 521 1137; x_wconf 77' lang='lat' dir='ltr'>patriarchalibus,</span> <span class='ocrx_word' id='word_1_35' title='bbox 553 1057 795 1138; x_wconf 88' lang='lat' dir='ltr'>primatialibus,</span> <span class='ocrx_word' id='word_1_36' title='bbox 826 1056 1076 1138; x_wconf 87' lang='lat' dir='ltr'>metropolitanis</span> <span class='ocrx_word' id='word_1_37' title='bbox 1107 1061 1139 1120; x_wconf 92' lang='lat' dir='ltr'>et</span> <span class='ocrx_word' id='word_1_38' title='bbox 1166 1057 1271 1121; x_wconf 91' lang='lat' dir='ltr'>cathe-</span> 
     </span>
     <span class='ocr_line' id='line_1_8' title="bbox 113 1141 1271 1232; baseline 0.003 -27"><span class='ocrx_word' id='word_1_39' title='bbox 113 1141 254 1207; x_wconf 89' lang='lat' dir='ltr'>dralibus</span> <span class='ocrx_word' id='word_1_40' title='bbox 277 1142 429 1209; x_wconf 88' lang='lat' dir='ltr'>Ecclesiis</span> <span class='ocrx_word' id='word_1_41' title='bbox 452 1144 713 1224; x_wconf 85' lang='lat' dir='ltr'>quibuscumque,</span> <span class='ocrx_word' id='word_1_42' title='bbox 745 1161 939 1232; x_wconf 92' lang='lat' dir='ltr'>quocumque</span> <span class='ocrx_word' id='word_1_43' title='bbox 965 1144 1090 1208; x_wconf 89' lang='lat' dir='ltr'>nomine</span> <span class='ocrx_word' id='word_1_44' title='bbox 1114 1149 1147 1207; x_wconf 92' lang='lat' dir='ltr'>et</span> <span class='ocrx_word' id='word_1_45' title='bbox 1168 1144 1271 1223; x_wconf 92' lang='lat' dir='ltr'>titulo,</span> 
     </span>
     <span class='ocr_line' id='line_1_9' title="bbox 112 1227 1274 1310; baseline 0.003 -18"><span class='ocrx_word' id='word_1_46' title='bbox 112 1227 279 1310; x_wconf 86' lang='lat' dir='ltr'>praefecti,</span> <span class='ocrx_word' id='word_1_47' title='bbox 315 1233 408 1296; x_wconf 91' lang='lat' dir='ltr'>etiam</span> <span class='ocrx_word' id='word_1_48' title='bbox 439 1233 466 1294; x_wconf 94' lang='grc'>31</span> <span class='ocrx_word' id='word_1_49' title='bbox 492 1230 523 1297; x_wconf 87' lang='lat' dir='ltr'>S.</span> <span class='ocrx_word' id='word_1_50' title='bbox 548 1233 585 1308; x_wconf 85' lang='lat' dir='ltr'>R.</span> <span class='ocrx_word' id='word_1_51' title='bbox 615 1231 653 1294; x_wconf 89' lang='lat' dir='ltr'>E.</span> <span class='ocrx_word' id='word_1_52' title='bbox 681 1228 867 1295; x_wconf 79' lang='lat' dir='ltr'>OardInales</span> <span class='ocrx_word' id='word_1_53' title='bbox 899 1232 976 1308; x_wconf 89' lang='lat' dir='ltr'>sint,</span> <span class='ocrx_word' id='word_1_54' title='bbox 1010 1232 1210 1295; x_wconf 86' lang='lat' dir='ltr'>meminerint</span> <span class='ocrx_word' id='word_1_55' title='bbox 1238 1249 1274 1296; x_wconf 91' lang='grc'><strong>36</strong></span> 
     </span>
     <span class='ocr_line' id='line_1_10' title="bbox 113 1315 1273 1398; baseline 0.002 -18"><span class='ocrx_word' id='word_1_56' title='bbox 113 1315 248 1398; x_wconf 82' lang='lat' dir='ltr'>obligari</span> <span class='ocrx_word' id='word_1_57' title='bbox 277 1317 318 1383; x_wconf 89' lang='lat' dir='ltr'>ad</span> <span class='ocrx_word' id='word_1_58' title='bbox 341 1319 538 1398; x_wconf 85' lang='lat' dir='ltr'>personalem</span> <span class='ocrx_word' id='word_1_59' title='bbox 565 1321 597 1393; x_wconf 90' lang='lat' dir='ltr'>in</span> <span class='ocrx_word' id='word_1_60' title='bbox 631 1336 688 1382; x_wconf 90' lang='lat' dir='ltr'>sua</span> <span class='ocrx_word' id='word_1_61' title='bbox 711 1318 853 1383; x_wconf 85' lang='lat' dir='ltr'>Ecclesia</span> <span class='ocrx_word' id='word_1_62' title='bbox 881 1318 931 1382; x_wconf 93' lang='lat' dir='ltr'>vel</span> <span class='ocrx_word' id='word_1_63' title='bbox 960 1317 1107 1382; x_wconf 90' lang='lat' dir='ltr'>Dioecesi</span> <span class='ocrx_word' id='word_1_64' title='bbox 1133 1318 1273 1384; x_wconf 89' lang='lat' dir='ltr'>residen-</span> 
     </span>
     <span class='ocr_line' id='line_1_11' title="bbox 113 1403 1330 1488; baseline 0.002 -21"><span class='ocrx_word' id='word_1_65' title='bbox 113 1404 200 1483; x_wconf 84' lang='lat' dir='ltr'>tiam,</span> <span class='ocrx_word' id='word_1_66' title='bbox 223 1405 276 1470; x_wconf 93' lang='lat' dir='ltr'>ubi</span> <span class='ocrx_word' id='word_1_67' title='bbox 299 1405 438 1488; x_wconf 85' lang='lat' dir='ltr'>injuncto</span> <span class='ocrx_word' id='word_1_68' title='bbox 461 1407 522 1470; x_wconf 90' lang='lat' dir='ltr'>sibi</span> <span class='ocrx_word' id='word_1_69' title='bbox 545 1403 647 1471; x_wconf 87' lang='lat' dir='ltr'>officio</span> <span class='ocrx_word' id='word_1_70' title='bbox 670 1404 799 1487; x_wconf 76' lang='lat' dir='ltr'>defungi</span> <span class='ocrx_word' id='word_1_71' title='bbox 820 1410 999 1472; x_wconf 87' lang='lat' dir='ltr'>teneantur.</span> <span class='ocrx_word' id='word_1_72' title='bbox 1042 1404 1075 1470; x_wconf 86' lang='lat' dir='ltr'>Si</span> <span class='ocrx_word' id='word_1_73' title='bbox 1097 1405 1167 1486; x_wconf 90' lang='lat' dir='ltr'>quis</span> <span class='ocrx_word' id='word_1_74' title='bbox 1189 1423 1274 1484; x_wconf 90' lang='lat' dir='ltr'>vero,</span> <span class='ocrx_word' id='word_1_75' title='bbox 1327 1413 1330 1418; x_wconf 83' lang='lat'>&#39;</span> 
     </span>
     <span class='ocr_line' id='line_1_12' title="bbox 112 1492 1274 1574; baseline 0.003 -19"><span class='ocrx_word' id='word_1_76' title='bbox 112 1498 336 1572; x_wconf 88' lang='lat' dir='ltr'>praeterquam</span> <span class='ocrx_word' id='word_1_77' title='bbox 366 1510 462 1557; x_wconf 89' lang='lat' dir='ltr'>causa</span> <span class='ocrx_word' id='word_1_78' title='bbox 493 1493 683 1558; x_wconf 84' lang='lat' dir='ltr'>visitationis</span> <span class='ocrx_word' id='word_1_79' title='bbox 710 1510 871 1559; x_wconf 88' lang='lat' dir='ltr'>sacrorum</span> <span class='ocrx_word' id='word_1_80' title='bbox 894 1492 1067 1570; x_wconf 91' lang='lat' dir='ltr'>Liminum,</span> <span class='ocrx_word' id='word_1_81' title='bbox 1098 1492 1149 1557; x_wconf 91' lang='lat' dir='ltr'>vel</span> <span class='ocrx_word' id='word_1_82' title='bbox 1176 1492 1274 1574; x_wconf 82' lang='lat' dir='ltr'>Syno-</span> 
     </span>
    </p>
   </div>
   <div class='ocr_carea' id='block_1_4' title="bbox 18 1578 1274 1659">
    <p class='ocr_par' dir='ltr' id='par_1_4' title="bbox 18 1578 1274 1659">
     <span class='ocr_line' id='line_1_13' title="bbox 18 1578 1274 1659; baseline 0.004 -19"><span class='ocrx_word' id='word_1_83' title='bbox 18 1630 21 1633; x_wconf 92' lang='lat'><em>.</em></span> <span class='ocrx_word' id='word_1_84' title='bbox 114 1578 226 1643; x_wconf 88' lang='lat' dir='ltr'>dorum</span> <span class='ocrx_word' id='word_1_85' title='bbox 248 1579 505 1659; x_wconf 84' lang='lat' dir='ltr'>Prouincialium,</span> <span class='ocrx_word' id='word_1_86' title='bbox 538 1581 623 1645; x_wconf 90' lang='lat' dir='ltr'>ultra</span> <span class='ocrx_word' id='word_1_87' title='bbox 653 1581 745 1659; x_wconf 90' lang='lat' dir='ltr'>duos,</span> <span class='ocrx_word' id='word_1_88' title='bbox 776 1580 829 1644; x_wconf 87' lang='lat' dir='ltr'>vel</span> <span class='ocrx_word' id='word_1_89' title='bbox 851 1580 891 1643; x_wconf 91' lang='lat' dir='ltr'>ad</span> <span class='ocrx_word' id='word_1_90' title='bbox 918 1598 1075 1643; x_wconf 91' lang='lat' dir='ltr'>summum</span> <span class='ocrx_word' id='word_1_91' title='bbox 1101 1584 1166 1644; x_wconf 90' lang='lat' dir='ltr'>tres</span> <span class='ocrx_word' id='word_1_92' title='bbox 1188 1580 1274 1645; x_wconf 88' lang='lat' dir='ltr'>intra</span> 
     </span>
    </p>
   </div>
   <div class='ocr_carea' id='block_1_5' title="bbox 113 1667 1293 4015">
    <p class='ocr_par' dir='ltr' id='par_1_5' title="bbox 113 1667 1293 4015">
     <span class='ocr_line' id='line_1_14' title="bbox 113 1667 1275 1748; baseline 0.003 -20"><span class='ocrx_word' id='word_1_93' title='bbox 113 1684 230 1730; x_wconf 87' lang='lat' dir='ltr'>annum</span> <span class='ocrx_word' id='word_1_94' title='bbox 246 1684 379 1746; x_wconf 84' lang='lat' dir='ltr'>menaea,</span> <span class='ocrx_word' id='word_1_95' title='bbox 404 1669 468 1731; x_wconf 89' lang='lat' dir='ltr'>sive</span> <span class='ocrx_word' id='word_1_96' title='bbox 484 1668 657 1746; x_wconf 71' lang='lat' dir='ltr'>contiunoS,</span> <span class='ocrx_word' id='word_1_97' title='bbox 683 1669 747 1731; x_wconf 91' lang='lat' dir='ltr'>sive</span> <span class='ocrx_word' id='word_1_98' title='bbox 763 1669 966 1746; x_wconf 87' lang='lat' dir='ltr'>interruptos,</span> <span class='ocrx_word' id='word_1_99' title='bbox 991 1667 1110 1747; x_wconf 89' lang='lat' dir='ltr'>absque</span> <span class='ocrx_word' id='word_1_100' title='bbox 1126 1684 1275 1748; x_wconf 88' lang='lat' dir='ltr'>expressa</span> 
     </span>
     <span class='ocr_line' id='line_1_15' title="bbox 113 1750 1273 1835; baseline 0.003 -20"><span class='ocrx_word' id='word_1_101' title='bbox 113 1753 209 1834; x_wconf 91' lang='lat' dir='ltr'>hujus</span> <span class='ocrx_word' id='word_1_102' title='bbox 232 1752 322 1819; x_wconf 88' lang='lat' dir='ltr'>Sedis</span> <span class='ocrx_word' id='word_1_103' title='bbox 346 1754 559 1835; x_wconf 86' lang='lat' dir='ltr'>Apostolicae,</span> <span class='ocrx_word' id='word_1_104' title='bbox 593 1755 643 1818; x_wconf 89' lang='lat' dir='ltr'>vel</span> <span class='ocrx_word' id='word_1_105' title='bbox 665 1756 714 1818; x_wconf 89' lang='lat' dir='ltr'>sui</span> <span class='ocrx_word' id='word_1_106' title='bbox 737 1753 942 1819; x_wconf 88' lang='lat' dir='ltr'>Patriarchae</span> <span class='ocrx_word' id='word_1_107' title='bbox 972 1754 1076 1835; x_wconf 90' lang='lat' dir='ltr'>quoad</span> <span class='ocrx_word' id='word_1_108' title='bbox 1099 1750 1273 1835; x_wconf 85' lang='lat' dir='ltr'>Episcopos</span> 
     </span>
     <span class='ocr_line' id='line_1_16' title="bbox 113 1840 1273 1925; baseline 0 -21"><span class='ocrx_word' id='word_1_109' title='bbox 113 1841 194 1905; x_wconf 89' lang='lat' dir='ltr'>ritus</span> <span class='ocrx_word' id='word_1_110' title='bbox 219 1840 388 1922; x_wconf 89' lang='lat' dir='ltr'>orientalis,</span> <span class='ocrx_word' id='word_1_111' title='bbox 411 1842 547 1920; x_wconf 86' lang='lat' dir='ltr'>lieentia,</span> <span class='ocrx_word' id='word_1_112' title='bbox 576 1843 672 1905; x_wconf 92' lang='lat' dir='ltr'>etiam</span> <span class='ocrx_word' id='word_1_113' title='bbox 695 1860 733 1905; x_wconf 82' lang='lat' dir='ltr'>ex</span> <span class='ocrx_word' id='word_1_114' title='bbox 755 1842 857 1906; x_wconf 86' lang='lat' dir='ltr'>causis</span> <span class='ocrx_word' id='word_1_115' title='bbox 881 1841 960 1906; x_wconf 90' lang='lat' dir='ltr'>alias</span> <span class='ocrx_word' id='word_1_116' title='bbox 983 1843 1094 1925; x_wconf 87' lang='lat' dir='ltr'>ajure</span> <span class='ocrx_word' id='word_1_117' title='bbox 1117 1840 1273 1919; x_wconf 85' lang='lat' dir='ltr'>admissis,</span> 
     </span>
     <span class='ocr_line' id='line_1_17' title="bbox 113 1926 1275 2011; baseline 0.001 -20"><span class='ocrx_word' id='word_1_118' title='bbox 113 1946 134 1990; x_wconf 91' lang='lat' dir='ltr'>a</span> <span class='ocrx_word' id='word_1_119' title='bbox 157 1945 216 1992; x_wconf 90' lang='lat' dir='ltr'>sua</span> <span class='ocrx_word' id='word_1_120' title='bbox 232 1927 375 1994; x_wconf 89' lang='lat' dir='ltr'>Dioecesi</span> <span class='ocrx_word' id='word_1_121' title='bbox 397 1927 543 2009; x_wconf 72' lang='lat' dir='ltr'>abluant,</span> <span class='ocrx_word' id='word_1_122' title='bbox 567 1947 657 1992; x_wconf 90' lang='lat' dir='ltr'>sacro</span> <span class='ocrx_word' id='word_1_123' title='bbox 672 1928 732 1993; x_wconf 92' lang='lat' dir='ltr'>hoc</span> <span class='ocrx_word' id='word_1_124' title='bbox 747 1930 942 2011; x_wconf 88' lang='lat' dir='ltr'>approbante</span> <span class='ocrx_word' id='word_1_125' title='bbox 958 1926 1106 2005; x_wconf 85' lang='lat' dir='ltr'>Concilio,</span> <span class='ocrx_word' id='word_1_126' title='bbox 1130 1928 1275 1992; x_wconf 86' lang='lat' dir='ltr'>volumus</span> 
     </span>
     <span class='ocr_line' id='line_1_18' title="bbox 113 2014 1275 2097; baseline 0 -19"><span class='ocrx_word' id='word_1_127' title='bbox 113 2020 149 2078; x_wconf 90' lang='lat' dir='ltr'>et</span> <span class='ocrx_word' id='word_1_128' title='bbox 171 2014 384 2094; x_wconf 87' lang='lat' dir='ltr'>declaramus,</span> <span class='ocrx_word' id='word_1_129' title='bbox 419 2035 504 2096; x_wconf 91' lang='lat' dir='ltr'>eum,</span> <span class='ocrx_word' id='word_1_130' title='bbox 532 2023 660 2097; x_wconf 90' lang='lat' dir='ltr'>praeter</span> <span class='ocrx_word' id='word_1_131' title='bbox 688 2016 829 2080; x_wconf 89' lang='lat' dir='ltr'>mortalis</span> <span class='ocrx_word' id='word_1_132' title='bbox 859 2016 981 2096; x_wconf 90' lang='lat' dir='ltr'>peccati</span> <span class='ocrx_word' id='word_1_133' title='bbox 1010 2019 1149 2094; x_wconf 90' lang='lat' dir='ltr'>reatum,</span> <span class='ocrx_word' id='word_1_134' title='bbox 1182 2032 1275 2094; x_wconf 91' lang='lat' dir='ltr'>quern</span> 
     </span>
     <span class='ocr_line' id='line_1_19' title="bbox 113 2100 1276 2185; baseline 0.002 -21"><span class='ocrx_word' id='word_1_135' title='bbox 113 2102 262 2180; x_wconf 89' lang='lat' dir='ltr'>incurrit,</span> <span class='ocrx_word' id='word_1_136' title='bbox 294 2121 349 2185; x_wconf 89' lang='lat' dir='ltr'>pro</span> <span class='ocrx_word' id='word_1_137' title='bbox 379 2110 452 2168; x_wconf 85' lang='lat' dir='ltr'>rata</span> <span class='ocrx_word' id='word_1_138' title='bbox 483 2104 632 2184; x_wconf 87' lang='lat' dir='ltr'>temporis</span> <span class='ocrx_word' id='word_1_139' title='bbox 662 2105 825 2168; x_wconf 89' lang='lat' dir='ltr'>absentiae</span> <span class='ocrx_word' id='word_1_140' title='bbox 847 2102 968 2167; x_wconf 90' lang='lat' dir='ltr'>reditus</span> <span class='ocrx_word' id='word_1_141' title='bbox 998 2119 1125 2166; x_wconf 91' lang='lat' dir='ltr'>mensae</span> <span class='ocrx_word' id='word_1_142' title='bbox 1148 2100 1276 2182; x_wconf 89' lang='lat' dir='ltr'>Episco-</span> 
     </span>
     <span class='ocr_line' id='line_1_20' title="bbox 114 2186 1275 2273; baseline -0.001 -19"><span class='ocrx_word' id='word_1_143' title='bbox 114 2188 211 2271; x_wconf 75' lang='lat' dir='ltr'>palIS,</span> <span class='ocrx_word' id='word_1_144' title='bbox 242 2190 292 2256; x_wconf 91' lang='lat' dir='ltr'>vel</span> <span class='ocrx_word' id='word_1_145' title='bbox 316 2191 424 2271; x_wconf 90' lang='lat' dir='ltr'>quiin</span> <span class='ocrx_word' id='word_1_146' title='bbox 455 2193 525 2273; x_wconf 87' lang='lat' dir='ltr'>ejus</span> <span class='ocrx_word' id='word_1_147' title='bbox 546 2190 649 2256; x_wconf 91' lang='lat' dir='ltr'>locum</span> <span class='ocrx_word' id='word_1_148' title='bbox 673 2187 796 2255; x_wconf 88' lang='lat' dir='ltr'>suffecti</span> <span class='ocrx_word' id='word_1_149' title='bbox 817 2189 947 2268; x_wconf 89' lang='lat' dir='ltr'>fuerint,</span> <span class='ocrx_word' id='word_1_150' title='bbox 977 2207 1051 2253; x_wconf 89' lang='lat' dir='ltr'>auos</span> <span class='ocrx_word' id='word_1_151' title='bbox 1074 2186 1275 2269; x_wconf 89' lang='lat' dir='ltr'>nonfacere,</span> 
     </span>
     <span class='ocr_line' id='line_1_21' title="bbox 114 2265 1276 2362; baseline 0.002 -22"><span class='ocrx_word' id='word_1_152' title='bbox 114 2294 175 2341; x_wconf 88' lang='lat' dir='ltr'>uec</span> <span class='ocrx_word' id='word_1_153' title='bbox 195 2283 268 2362; x_wconf 87' lang='lat' dir='ltr'>tuta</span> <span class='ocrx_word' id='word_1_154' title='bbox 291 2279 492 2358; x_wconf 89' lang='lat' dir='ltr'>couscientia,</span> <span class='ocrx_word' id='word_1_155' title='bbox 524 2278 585 2342; x_wconf 88' lang='lat' dir='ltr'>alia</span> <span class='ocrx_word' id='word_1_156' title='bbox 608 2279 704 2343; x_wconf 89' lang='lat' dir='ltr'>etiam</span> <span class='ocrx_word' id='word_1_157' title='bbox 727 2277 941 2342; x_wconf 88' lang='lat' dir='ltr'>declaratione</span> <span class='ocrx_word' id='word_1_158' title='bbox 963 2295 1027 2342; x_wconf 94' lang='lat' dir='ltr'>non</span> <span class='ocrx_word' id='word_1_159' title='bbox 1049 2265 1174 2352; x_wconf 67' lang='lat' dir='ltr'>secuta,</span> <span class='ocrx_word' id='word_1_160' title='bbox 1205 2275 1276 2342; x_wconf 87' lang='lat' dir='ltr'>illos</span> 
     </span>
     <span class='ocr_line' id='line_1_22' title="bbox 115 2362 1275 2446; baseline -0.002 -18"><span class='ocrx_word' id='word_1_161' title='bbox 115 2363 177 2429; x_wconf 89' lang='lat' dir='ltr'>sibi</span> <span class='ocrx_word' id='word_1_162' title='bbox 199 2364 339 2430; x_wconf 90' lang='lat' dir='ltr'>detinere</span> <span class='ocrx_word' id='word_1_163' title='bbox 361 2383 470 2446; x_wconf 78' lang='lat' dir='ltr'>posse,</span> <span class='ocrx_word' id='word_1_164' title='bbox 494 2366 550 2430; x_wconf 88' lang='lat' dir='ltr'>sed</span> <span class='ocrx_word' id='word_1_165' title='bbox 564 2367 665 2430; x_wconf 91' lang='lat' dir='ltr'>teneri</span> <span class='ocrx_word' id='word_1_166' title='bbox 689 2365 759 2429; x_wconf 89' lang='lat' dir='ltr'>illos</span> <span class='ocrx_word' id='word_1_167' title='bbox 777 2363 916 2429; x_wconf 87' lang='lat' dir='ltr'>fabricae</span> <span class='ocrx_word' id='word_1_168' title='bbox 931 2362 1101 2441; x_wconf 85' lang='lat' dir='ltr'>Ecclesiae,</span> <span class='ocrx_word' id='word_1_169' title='bbox 1126 2367 1182 2428; x_wconf 89' lang='lat' dir='ltr'>aut</span> <span class='ocrx_word' id='word_1_170' title='bbox 1197 2381 1275 2442; x_wconf 87' lang='lat' dir='ltr'>pau-</span> 
     </span>
     <span class='ocr_line' id='line_1_23' title="bbox 114 2448 1276 2534; baseline -0.003 -18"><span class='ocrx_word' id='word_1_171' title='bbox 114 2452 244 2531; x_wconf 87' lang='lat' dir='ltr'>peribus</span> <span class='ocrx_word' id='word_1_172' title='bbox 266 2452 328 2518; x_wconf 94' lang='lat' dir='ltr'>loci</span> <span class='ocrx_word' id='word_1_173' title='bbox 351 2453 489 2533; x_wconf 79' lang='lat' dir='ltr'>erogare,</span> <span class='ocrx_word' id='word_1_174' title='bbox 512 2454 643 2534; x_wconf 82' lang='lat' dir='ltr'>Ipsoque</span> <span class='ocrx_word' id='word_1_175' title='bbox 668 2459 819 2531; x_wconf 90' lang='lat' dir='ltr'>cessante,</span> <span class='ocrx_word' id='word_1_176' title='bbox 843 2469 902 2533; x_wconf 91' lang='lat' dir='ltr'>per</span> <span class='ocrx_word' id='word_1_177' title='bbox 916 2451 1111 2532; x_wconf 88' lang='lat' dir='ltr'>superlorem</span> <span class='ocrx_word' id='word_1_178' title='bbox 1127 2448 1276 2514; x_wconf 89' lang='lat' dir='ltr'>ecclesia·</span> 
     </span>
     <span class='ocr_line' id='line_1_24' title="bbox 115 2536 1277 2622; baseline -0.002 -20"><span class='ocrx_word' id='word_1_179' title='bbox 115 2539 230 2603; x_wconf 87' lang='lat' dir='ltr'>sticum</span> <span class='ocrx_word' id='word_1_180' title='bbox 254 2539 349 2604; x_wconf 91' lang='lat' dir='ltr'>adid</span> <span class='ocrx_word' id='word_1_181' title='bbox 372 2558 442 2604; x_wconf 89' lang='lat' dir='ltr'>esse</span> <span class='ocrx_word' id='word_1_182' title='bbox 465 2541 646 2621; x_wconf 84' lang='lat' dir='ltr'>cogendum,</span> <span class='ocrx_word' id='word_1_183' title='bbox 671 2539 828 2621; x_wconf 91' lang='lat' dir='ltr'>prohibita</span> <span class='ocrx_word' id='word_1_184' title='bbox 849 2555 1045 2622; x_wconf 91' lang='lat' dir='ltr'>quacumque</span> <span class='ocrx_word' id='word_1_185' title='bbox 1069 2536 1277 2601; x_wconf 88' lang='lat' dir='ltr'>conventione</span> 
     </span>
     <span class='ocr_line' id='line_1_25' title="bbox 114 2624 1276 2707; baseline -0.003 -17"><span class='ocrx_word' id='word_1_186' title='bbox 114 2624 168 2690; x_wconf 85' lang='lat' dir='ltr'>vel</span> <span class='ocrx_word' id='word_1_187' title='bbox 199 2628 435 2707; x_wconf 88' lang='lat' dir='ltr'>compositione,</span> <span class='ocrx_word' id='word_1_188' title='bbox 466 2626 713 2707; x_wconf 89' lang='lat' dir='ltr'>quibuscumque</span> <span class='ocrx_word' id='word_1_189' title='bbox 741 2627 837 2690; x_wconf 91' lang='lat' dir='ltr'>etiam</span> <span class='ocrx_word' id='word_1_190' title='bbox 867 2625 1054 2706; x_wconf 86' lang='lat' dir='ltr'>privilegiis,</span> <span class='ocrx_word' id='word_1_191' title='bbox 1092 2624 1276 2705; x_wconf 90' lang='lat' dir='ltr'>cuicumque</span> 
     </span>
     <span class='ocr_line' id='line_1_26' title="bbox 116 2710 1276 2794; baseline -0.002 -18"><span class='ocrx_word' id='word_1_192' title='bbox 116 2712 250 2794; x_wconf 86' lang='lat' dir='ltr'>collegio</span> <span class='ocrx_word' id='word_1_193' title='bbox 273 2720 330 2778; x_wconf 91' lang='lat' dir='ltr'>aut</span> <span class='ocrx_word' id='word_1_194' title='bbox 344 2714 484 2778; x_wconf 86' lang='lat' dir='ltr'>fabricae</span> <span class='ocrx_word' id='word_1_195' title='bbox 507 2715 674 2794; x_wconf 86' lang='lat' dir='ltr'>concessis,</span> <span class='ocrx_word' id='word_1_196' title='bbox 699 2731 762 2778; x_wconf 91' lang='lat' dir='ltr'>non</span> <span class='ocrx_word' id='word_1_197' title='bbox 784 2713 993 2778; x_wconf 88' lang='lat' dir='ltr'>obstantibus.</span> <span class='ocrx_word' id='word_1_198' title='bbox 1032 2710 1152 2787; x_wconf 87' lang='lat' dir='ltr'>Quodsi</span> <span class='ocrx_word' id='word_1_199' title='bbox 1173 2710 1276 2775; x_wconf 87' lang='lat' dir='ltr'>tribus</span> 
     </span>
     <span class='ocr_line' id='line_1_27' title="bbox 116 2795 1276 2880; baseline 0.001 -16"><span class='ocrx_word' id='word_1_200' title='bbox 116 2801 278 2866; x_wconf 87' lang='lat' dir='ltr'>mensibus</span> <span class='ocrx_word' id='word_1_201' title='bbox 302 2800 386 2866; x_wconf 91' lang='lat' dir='ltr'>ultra</span> <span class='ocrx_word' id='word_1_202' title='bbox 409 2819 573 2866; x_wconf 86' lang='lat' dir='ltr'>concessos</span> <span class='ocrx_word' id='word_1_203' title='bbox 597 2804 709 2866; x_wconf 88' lang='lat' dir='ltr'>absens</span> <span class='ocrx_word' id='word_1_204' title='bbox 731 2800 839 2880; x_wconf 90' lang='lat' dir='ltr'>fuerit,</span> <span class='ocrx_word' id='word_1_205' title='bbox 872 2799 1137 2880; x_wconf 88' lang='lat' dir='ltr'>Metropolitanus</span> <span class='ocrx_word' id='word_1_206' title='bbox 1160 2795 1276 2865; x_wconf 79' lang='lat' dir='ltr'>Suffra-</span> 
     </span>
     <span class='ocr_line' id='line_1_28' title="bbox 116 2878 1278 2970; baseline -0.002 -19"><span class='ocrx_word' id='word_1_207' title='bbox 116 2905 254 2968; x_wconf 87' lang='lat' dir='ltr'>ganeum</span> <span class='ocrx_word' id='word_1_208' title='bbox 276 2878 467 2970; x_wconf 80' lang='lat' dir='ltr'>Episcopum</span> <span class='ocrx_word' id='word_1_209' title='bbox 496 2890 672 2959; x_wconf 81' lang='lat' dir='ltr'>absentem,</span> <span class='ocrx_word' id='word_1_210' title='bbox 702 2887 980 2969; x_wconf 88' lang='lat' dir='ltr'>Metropolitanum</span> <span class='ocrx_word' id='word_1_211' title='bbox 1009 2905 1085 2951; x_wconf 87' lang='lat' dir='ltr'>vero</span> <span class='ocrx_word' id='word_1_212' title='bbox 1114 2885 1278 2951; x_wconf 89' lang='lat' dir='ltr'>absentem</span> 
     </span>
     <span class='ocr_line' id='line_1_29' title="bbox 117 2972 1278 3063; baseline -0.002 -25"><span class='ocrx_word' id='word_1_213' title='bbox 117 2972 343 3063; x_wconf 77' lang='lat' dir='ltr'>Suffragaueus</span> <span class='ocrx_word' id='word_1_214' title='bbox 358 2975 535 3057; x_wconf 86' lang='lat' dir='ltr'>Episcopus</span> <span class='ocrx_word' id='word_1_215' title='bbox 551 2976 709 3056; x_wconf 88' lang='lat' dir='ltr'>antiquior</span> <span class='ocrx_word' id='word_1_216' title='bbox 731 2974 873 3038; x_wconf 87' lang='lat' dir='ltr'>residens</span> <span class='ocrx_word' id='word_1_217' title='bbox 895 2973 968 3038; x_wconf 91' lang='lat' dir='ltr'>huic</span> <span class='ocrx_word' id='word_1_218' title='bbox 989 2972 1064 3037; x_wconf 85' lang='lat' dir='ltr'>Sedi</span> <span class='ocrx_word' id='word_1_219' title='bbox 1079 2972 1278 3054; x_wconf 67' lang='lat' dir='ltr'>apostolicae</span> 
     </span>
     <span class='ocr_line' id='line_1_30' title="bbox 118 3061 1277 3144; baseline -0.003 -17"><span class='ocrx_word' id='word_1_220' title='bbox 118 3062 311 3127; x_wconf 88' lang='lat' dir='ltr'>denunciare</span> <span class='ocrx_word' id='word_1_221' title='bbox 340 3070 500 3140; x_wconf 84' lang='lat' dir='ltr'>teneatur,</span> <span class='ocrx_word' id='word_1_222' title='bbox 531 3081 611 3144; x_wconf 88' lang='lat' dir='ltr'>quae</span> <span class='ocrx_word' id='word_1_223' title='bbox 642 3065 674 3127; x_wconf 91' lang='lat' dir='ltr'>in</span> <span class='ocrx_word' id='word_1_224' title='bbox 697 3065 783 3144; x_wconf 89' lang='lat' dir='ltr'>ipsos</span> <span class='ocrx_word' id='word_1_225' title='bbox 810 3061 970 3138; x_wconf 62' lang='lat' dir='ltr'>absentes</span> <span class='ocrx_word' id='word_1_226' title='bbox 1000 3065 1096 3140; x_wconf 89' lang='lat' dir='ltr'>prout</span> <span class='ocrx_word' id='word_1_227' title='bbox 1123 3061 1277 3141; x_wconf 87' lang='lat' dir='ltr'>cujusque</span> 
     </span>
     <span class='ocr_line' id='line_1_31' title="bbox 117 3146 1293 3232; baseline -0.006 -18"><span class='ocrx_word' id='word_1_228' title='bbox 117 3150 221 3232; x_wconf 87' lang='lat' dir='ltr'>major</span> <span class='ocrx_word' id='word_1_229' title='bbox 251 3156 307 3214; x_wconf 89' lang='lat' dir='ltr'>aut</span> <span class='ocrx_word' id='word_1_230' title='bbox 339 3151 441 3215; x_wconf 91' lang='lat' dir='ltr'>minor</span> <span class='ocrx_word' id='word_1_231' title='bbox 474 3150 567 3230; x_wconf 90' lang='lat' dir='ltr'>culpa</span> <span class='ocrx_word' id='word_1_232' title='bbox 594 3151 745 3232; x_wconf 86' lang='lat' dir='ltr'>exegerit,</span> <span class='ocrx_word' id='word_1_233' title='bbox 781 3148 1025 3225; x_wconf 87' lang='lat' dir='ltr'>animadvertat,</span> <span class='ocrx_word' id='word_1_234' title='bbox 1056 3152 1152 3227; x_wconf 87' lang='lat' dir='ltr'>atque</span> <span class='ocrx_word' id='word_1_235' title='bbox 1180 3146 1293 3211; x_wconf 89' lang='lat' dir='ltr'>etiam.</span> 
     </span>
     <span class='ocr_line' id='line_1_32' title="bbox 118 3233 1277 3318; baseline -0.002 -20"><span class='ocrx_word' id='word_1_236' title='bbox 118 3235 269 3301; x_wconf 87' lang='lat' dir='ltr'>Ecclesiis</span> <span class='ocrx_word' id='word_1_237' title='bbox 295 3239 372 3318; x_wconf 88' lang='lat' dir='ltr'>ipsis</span> <span class='ocrx_word' id='word_1_238' title='bbox 402 3239 442 3301; x_wconf 91' lang='lat' dir='ltr'>de</span> <span class='ocrx_word' id='word_1_239' title='bbox 465 3236 642 3302; x_wconf 90' lang='lat' dir='ltr'>utilioribus</span> <span class='ocrx_word' id='word_1_240' title='bbox 673 3236 814 3318; x_wconf 90' lang='lat' dir='ltr'>personis</span> <span class='ocrx_word' id='word_1_241' title='bbox 837 3234 1016 3316; x_wconf 90' lang='lat' dir='ltr'>provideat,</span> <span class='ocrx_word' id='word_1_242' title='bbox 1047 3234 1128 3300; x_wconf 90' lang='lat' dir='ltr'>sicut</span> <span class='ocrx_word' id='word_1_243' title='bbox 1156 3235 1191 3297; x_wconf 92' lang='lat' dir='ltr'>in</span> <span class='ocrx_word' id='word_1_244' title='bbox 1213 3233 1277 3297; x_wconf 88' lang='lat' dir='ltr'>Do-</span> 
     </span>
     <span class='ocr_line' id='line_1_33' title="bbox 117 3319 1278 3404; baseline -0.003 -18"><span class='ocrx_word' id='word_1_245' title='bbox 117 3324 203 3387; x_wconf 89' lang='lat' dir='ltr'>mino</span> <span class='ocrx_word' id='word_1_246' title='bbox 238 3325 361 3389; x_wconf 90' lang='lat' dir='ltr'>noverit</span> <span class='ocrx_word' id='word_1_247' title='bbox 387 3325 555 3388; x_wconf 89' lang='lat' dir='ltr'>salubriter</span> <span class='ocrx_word' id='word_1_248' title='bbox 588 3325 743 3404; x_wconf 86' lang='lat' dir='ltr'>expedire.</span> <span class='ocrx_word' id='word_1_249' title='bbox 801 3322 925 3387; x_wconf 88' lang='lat' dir='ltr'>Nostris</span> <span class='ocrx_word' id='word_1_250' title='bbox 959 3339 1084 3403; x_wconf 90' lang='lat' dir='ltr'>quoque</span> <span class='ocrx_word' id='word_1_251' title='bbox 1119 3327 1151 3384; x_wconf 93' lang='lat' dir='ltr'>et</span> <span class='ocrx_word' id='word_1_252' title='bbox 1183 3319 1278 3402; x_wconf 86' lang='lat' dir='ltr'>hujus</span> 
     </span>
     <span class='ocr_line' id='line_1_34' title="bbox 118 3408 1279 3491; baseline -0.003 -17"><span class='ocrx_word' id='word_1_253' title='bbox 118 3410 321 3491; x_wconf 77' lang='lat' dir='ltr'>apostolieae</span> <span class='ocrx_word' id='word_1_254' title='bbox 343 3410 433 3475; x_wconf 85' lang='lat' dir='ltr'>Sedis</span> <span class='ocrx_word' id='word_1_255' title='bbox 449 3410 574 3475; x_wconf 89' lang='lat' dir='ltr'>Nuntiis</span> <span class='ocrx_word' id='word_1_256' title='bbox 598 3413 662 3476; x_wconf 91' lang='lat' dir='ltr'>sive</span> <span class='ocrx_word' id='word_1_257' title='bbox 680 3410 841 3490; x_wconf 80' lang='lat' dir='ltr'>Delegatis</span> <span class='ocrx_word' id='word_1_258' title='bbox 864 3411 922 3474; x_wconf 88' lang='lat' dir='ltr'>hoc</span> <span class='ocrx_word' id='word_1_259' title='bbox 944 3410 1028 3474; x_wconf 91' lang='lat' dir='ltr'>idem</span> <span class='ocrx_word' id='word_1_260' title='bbox 1051 3408 1279 3473; x_wconf 89' lang='lat' dir='ltr'>demandamus</span> 
     </span>
     <span class='ocr_line' id='line_1_35' title="bbox 118 3495 1278 3579; baseline -0.004 -17"><span class='ocrx_word' id='word_1_261' title='bbox 118 3503 152 3562; x_wconf 90' lang='lat' dir='ltr'>et</span> <span class='ocrx_word' id='word_1_262' title='bbox 174 3498 376 3579; x_wconf 84' lang='lat' dir='ltr'>injungimus,</span> <span class='ocrx_word' id='word_1_263' title='bbox 400 3499 454 3562; x_wconf 94' lang='lat' dir='ltr'>ubi</span> <span class='ocrx_word' id='word_1_264' title='bbox 478 3501 562 3562; x_wconf 90' lang='lat' dir='ltr'>intra</span> <span class='ocrx_word' id='word_1_265' title='bbox 584 3500 723 3579; x_wconf 89' lang='lat' dir='ltr'>ipsorum</span> <span class='ocrx_word' id='word_1_266' title='bbox 738 3497 950 3561; x_wconf 90' lang='lat' dir='ltr'>Nuntiaturae</span> <span class='ocrx_word' id='word_1_267' title='bbox 974 3497 1041 3561; x_wconf 90' lang='lat' dir='ltr'>sive</span> <span class='ocrx_word' id='word_1_268' title='bbox 1064 3495 1278 3576; x_wconf 85' lang='lat' dir='ltr'>Delegationis</span> 
     </span>
     <span class='ocr_line' id='line_1_36' title="bbox 117 3582 1279 3667; baseline -0.003 -20"><span class='ocrx_word' id='word_1_269' title='bbox 117 3582 197 3649; x_wconf 84' lang='lat' dir='ltr'>fines</span> <span class='ocrx_word' id='word_1_270' title='bbox 220 3584 333 3665; x_wconf 88' lang='lat' dir='ltr'>aliquis</span> <span class='ocrx_word' id='word_1_271' title='bbox 356 3585 541 3667; x_wconf 71' lang='lat' dir='ltr'>Episcopus</span> <span class='ocrx_word' id='word_1_272' title='bbox 572 3603 629 3649; x_wconf 92' lang='lat' dir='ltr'>seu</span> <span class='ocrx_word' id='word_1_273' title='bbox 652 3584 801 3665; x_wconf 88' lang='lat' dir='ltr'>Superior</span> <span class='ocrx_word' id='word_1_274' title='bbox 822 3583 988 3649; x_wconf 91' lang='lat' dir='ltr'>Praelatus</span> <span class='ocrx_word' id='word_1_275' title='bbox 1011 3584 1127 3648; x_wconf 84' lang='lat' dir='ltr'>existat</span> <span class='ocrx_word' id='word_1_276' title='bbox 1150 3582 1204 3663; x_wconf 93' lang='lat' dir='ltr'>qui</span> <span class='ocrx_word' id='word_1_277' title='bbox 1227 3599 1279 3645; x_wconf 93' lang='lat' dir='ltr'>ca·</span> 
     </span>
     <span class='ocr_line' id='line_1_37' title="bbox 117 3669 1278 3753; baseline -0.003 -18"><span class='ocrx_word' id='word_1_278' title='bbox 117 3673 249 3737; x_wconf 86' lang='lat' dir='ltr'>nonieas</span> <span class='ocrx_word' id='word_1_279' title='bbox 272 3673 357 3753; x_wconf 85' lang='lat' dir='ltr'>leges</span> <span class='ocrx_word' id='word_1_280' title='bbox 386 3672 444 3736; x_wconf 89' lang='lat' dir='ltr'>hac</span> <span class='ocrx_word' id='word_1_281' title='bbox 466 3674 498 3735; x_wconf 92' lang='lat' dir='ltr'>in</span> <span class='ocrx_word' id='word_1_282' title='bbox 526 3680 616 3752; x_wconf 92' lang='lat' dir='ltr'>parte</span> <span class='ocrx_word' id='word_1_283' title='bbox 640 3673 757 3736; x_wconf 90' lang='lat' dir='ltr'>violare</span> <span class='ocrx_word' id='word_1_284' title='bbox 782 3672 1036 3752; x_wconf 82' lang='lat' dir='ltr'>dignoscatur.1)</span> <span class='ocrx_word' id='word_1_285' title='bbox 1082 3669 1119 3731; x_wconf 93' lang='lat' dir='ltr'>In</span> <span class='ocrx_word' id='word_1_286' title='bbox 1141 3670 1180 3733; x_wconf 90' lang='lat' dir='ltr'>iis</span> <span class='ocrx_word' id='word_1_287' title='bbox 1202 3686 1278 3732; x_wconf 89' lang='lat' dir='ltr'>vero</span> 
     </span>
     <span class='ocr_line' id='line_1_38' title="bbox 118 3758 1279 3841; baseline -0.005 -18"><span class='ocrx_word' id='word_1_288' title='bbox 118 3758 234 3838; x_wconf 89' lang='lat' dir='ltr'>quibus</span> <span class='ocrx_word' id='word_1_289' title='bbox 258 3777 316 3840; x_wconf 91' lang='lat' dir='ltr'>per</span> <span class='ocrx_word' id='word_1_290' title='bbox 330 3777 483 3841; x_wconf 90' lang='lat' dir='ltr'>praesens</span> <span class='ocrx_word' id='word_1_291' title='bbox 499 3759 667 3822; x_wconf 89' lang='lat' dir='ltr'>Decretum</span> <span class='ocrx_word' id='word_1_292' title='bbox 691 3759 875 3837; x_wconf 81' lang='lat' dir='ltr'>derogatum</span> <span class='ocrx_word' id='word_1_293' title='bbox 897 3776 959 3822; x_wconf 90' lang='lat' dir='ltr'>non</span> <span class='ocrx_word' id='word_1_294' title='bbox 984 3763 1040 3835; x_wconf 89' lang='lat' dir='ltr'>est,</span> <span class='ocrx_word' id='word_1_295' title='bbox 1065 3775 1103 3821; x_wconf 90' lang='lat' dir='ltr'>ea</span> <span class='ocrx_word' id='word_1_296' title='bbox 1118 3774 1199 3836; x_wconf 87' lang='lat' dir='ltr'>quac</span> <span class='ocrx_word' id='word_1_297' title='bbox 1221 3773 1279 3834; x_wconf 90' lang='lat' dir='ltr'>per</span> 
     </span>
     <span class='ocr_line' id='line_1_39' title="bbox 117 3842 1279 3928; baseline -0.005 -18"><span class='ocrx_word' id='word_1_298' title='bbox 117 3851 355 3911; x_wconf 88' lang='lat' dir='ltr'>sacrosanctam</span> <span class='ocrx_word' id='word_1_299' title='bbox 370 3846 585 3910; x_wconf 88' lang='lat' dir='ltr'>Tridentinam</span> <span class='ocrx_word' id='word_1_300' title='bbox 602 3847 802 3928; x_wconf 74' lang='lat' dir='ltr'>Synodum,²)</span> <span class='ocrx_word' id='word_1_301' title='bbox 818 3853 851 3910; x_wconf 89' lang='lat' dir='ltr'>et</span> <span class='ocrx_word' id='word_1_302' title='bbox 861 3845 1124 3910; x_wconf 88' lang='lat' dir='ltr'>Praedecessores</span> <span class='ocrx_word' id='word_1_303' title='bbox 1137 3842 1279 3920; x_wconf 89' lang='lat' dir='ltr'>Nostros,</span> 
     </span>
     <span class='ocr_line' id='line_1_40' title="bbox 119 3927 1279 4015; baseline -0.003 -19"><span class='ocrx_word' id='word_1_304' title='bbox 119 3951 157 3997; x_wconf 89' lang='lat' dir='ltr'>ac</span> <span class='ocrx_word' id='word_1_305' title='bbox 180 3933 368 4013; x_wconf 87' lang='lat' dir='ltr'>praesertim</span> <span class='ocrx_word' id='word_1_306' title='bbox 391 3932 440 3997; x_wconf 90' lang='lat' dir='ltr'>fel.</span> <span class='ocrx_word' id='word_1_307' title='bbox 466 3951 527 3997; x_wconf 91' lang='lat' dir='ltr'>rec.</span> <span class='ocrx_word' id='word_1_308' title='bbox 551 3932 714 3997; x_wconf 87' lang='lat' dir='ltr'>Urbanum</span> <span class='ocrx_word' id='word_1_309' title='bbox 737 3933 849 4015; x_wconf 75' lang='grc'><strong>11113)</strong></span> <span class='ocrx_word' id='word_1_310' title='bbox 883 3938 913 3994; x_wconf 86' lang='grc'>61</span> <span class='ocrx_word' id='word_1_311' title='bbox 936 3931 1140 3996; x_wconf 90' lang='lat' dir='ltr'>Benedictum</span> <span class='ocrx_word' id='word_1_312' title='bbox 1162 3927 1279 4012; x_wconf 82' lang='lat' dir='ltr'>XIV,⁴)</span> 
     </span>
    </p>
   </div>
   <div class='ocr_carea' id='block_1_6' title="bbox 229 4121 1038 4329">
    <p class='ocr_par' dir='ltr' id='par_1_6' title="bbox 229 4121 1038 4329">
     <span class='ocr_line' id='line_1_41' title="bbox 229 4121 1038 4245; baseline 0.001 -72"><span class='ocrx_word' id='word_1_313' title='bbox 229 4121 462 4243; x_wconf 44' lang='grc' dir='ltr'>ἳ11ἓ611611ΧζὲΙΙΙ1ῑ</span> <span class='ocrx_word' id='word_1_314' title='bbox 483 4123 575 4244; x_wconf 59' lang='lat' dir='ltr'>llonstl.</span> <span class='ocrx_word' id='word_1_315' title='bbox 595 4123 805 4245; x_wconf 33' lang='lat' dir='ltr'>&amp;adfirmemus</span> <span class='ocrx_word' id='word_1_316' title='bbox 824 4125 848 4178; x_wconf 85' lang='lat'>3.</span> <span class='ocrx_word' id='word_1_317' title='bbox 869 4123 940 4187; x_wconf 85' lang='lat' dir='ltr'>Sept.</span> <span class='ocrx_word' id='word_1_318' title='bbox 962 4123 1038 4174; x_wconf 78' lang='lat'><strong>1746.</strong></span> 
     </span>
     <span class='ocr_line' id='line_1_42' title="bbox 229 4194 880 4329; baseline 0.002 -19"><span class='ocrx_word' id='word_1_319' title='bbox 229 4194 252 4319; x_wconf 53' lang='lat' dir='ltr'>li</span> <span class='ocrx_word' id='word_1_320' title='bbox 272 4207 364 4312; x_wconf 44' lang='lat' dir='ltr'>(legisse.</span> <span class='ocrx_word' id='word_1_321' title='bbox 385 4208 638 4329; x_wconf 49' lang='lat' dir='ltr'>Saa&#39;a&#39;tfflpnooaes</span> <span class='ocrx_word' id='word_1_322' title='bbox 657 4209 783 4317; x_wconf 52' lang='lat' dir='ltr'>risose.</span> <span class='ocrx_word' id='word_1_323' title='bbox 804 4263 880 4314; x_wconf 78' lang='lat'><strong>1634.</strong></span> 
     </span>
    </p>
   </div>
   <div class='ocr_carea' id='block_1_7' title="bbox 228 4330 668 4398">
    <p class='ocr_par' dir='ltr' id='par_1_7' title="bbox 228 4330 668 4398">
     <span class='ocr_line' id='line_1_43' title="bbox 228 4330 668 4398; baseline 0.011 -16"><span class='ocrx_word' id='word_1_324' title='bbox 228 4331 251 4398; x_wconf 78' lang='lat'>⁴)</span> <span class='ocrx_word' id='word_1_325' title='bbox 271 4331 321 4382; x_wconf 82' lang='grc'><strong>(111.</strong></span> <span class='ocrx_word' id='word_1_326' title='bbox 343 4330 434 4386; x_wconf 85' lang='lat' dir='ltr'>Const.</span> <span class='ocrx_word' id='word_1_327' title='bbox 453 4331 499 4382; x_wconf 76' lang='lat' dir='ltr'>Ad</span> <span class='ocrx_word' id='word_1_328' title='bbox 518 4332 668 4387; x_wconf 67' lang='lat' dir='ltr'>neocesareae.</span> 
     </span>
    </p>
   </div>
   <div class='ocr_carea' id='block_1_8' title="bbox 175 4432 608 4483">
    <p class='ocr_par' dir='ltr' id='par_1_8' title="bbox 175 4432 608 4483">
     <span class='ocr_line' id='line_1_44' title="bbox 175 4432 608 4483; baseline 0.007 -10"><span class='ocrx_word' id='word_1_329' title='bbox 175 4432 299 4483; x_wconf 69' lang='lat' dir='ltr'>Maffin,</span> <span class='ocrx_word' id='word_1_330' title='bbox 320 4433 474 4475; x_wconf 85' lang='lat' dir='ltr'>Documenta.</span> <span class='ocrx_word' id='word_1_331' title='bbox 500 4434 563 4476; x_wconf 84' lang='lat' dir='ltr'>Edit.</span> <span class='ocrx_word' id='word_1_332' title='bbox 578 4435 608 4476; x_wconf 89' lang='lat'>11.</span> 
     </span>
    </p>
   </div>
   <div class='ocr_carea' id='block_1_9' title="bbox 0 0 1490 4942">
    <p class='ocr_par' dir='ltr' id='par_1_9' title="bbox 0 0 1490 4942">
     <span class='ocr_line' id='line_1_45' title="bbox 0 0 1490 4942; baseline 0 0"><span class='ocrx_word' id='word_1_333' title='bbox 0 0 1490 4942; x_wconf 95' lang='lat' dir='ltr'> </span> 
     </span>
    </p>
   </div>
  </div>
 </body>
</html>
